REF_DATE,GEO,DGUID,Vehicle type,Origin of manufacture,Sales,Seasonal adjustment,UOM,UOM_ID,SCALAR_FACTOR,SCALAR_ID,VECTOR,COORDINATE,VALUE,STATUS,SYMBOL,TERMINATED,DECIMALS
1946-01,Canada,2016A000011124,"Total, new motor vehicles","Total, country of manufacture",Units,Unadjusted,Units,300,units,0,v42169911,1.1.1.1.1,2756,,,,0
1946-02,Canada,2016A000011124,"Total, new motor vehicles","Total, country of manufacture",Units,Unadjusted,Units,300,units,0,v42169911,1.1.1.1.1,3763,,,,0
1946-03,Canada,2016A000011124,"Total, new motor vehicles","Total, country of manufacture",Units,Unadjusted,Units,300,units,0,v42169911,1.1.1.1.1,7200,,,,0
1946-04,Canada,2016A000011124,"Total, new motor vehicles","Total, country of manufacture",Units,Unadjusted,Units,300,units,0,v42169911,1.1.1.1.1,9645,,,,0
1946-05,Canada,2016A000011124,"Total, new motor vehicles","Total, country of manufacture",Units,Unadjusted,Units,300,units,0,v42169911,1.1.1.1.1,12032,,,,0
1946-06,Canada,2016A000011124,"Total, new motor vehicles","Total, country of manufacture",Units,Unadjusted,Units,300,units,0,v42169911,1.1.1.1.1,13388,,,,0
1946-07,Canada,2016A000011124,"Total, new motor vehicles","Total, country of manufacture",Units,Unadjusted,Units,300,units,0,v42169911,1.1.1.1.1,13705,,,,0
1946-08,Canada,2016A000011124,"Total, new motor vehicles","Total, country of manufacture",Units,Unadjusted,Units,300,units,0,v42169911,1.1.1.1.1,9753,,,,0
1946-09,Canada,2016A000011124,"Total, new motor vehicles","Total, country of manufacture",Units,Unadjusted,Units,300,units,0,v42169911,1.1.1.1.1,10154,,,,0
1946-10,Canada,2016A000011124,"Total, new motor vehicles","Total, country of manufacture",Units,Unadjusted,Units,300,units,0,v42169911,1.1.1.1.1,11462,,,,0
1946-11,Canada,2016A000011124,"Total, new motor vehicles","Total, country of manufacture",Units,Unadjusted,Units,300,units,0,v42169911,1.1.1.1.1,13497,,,,0
1946-12,Canada,2016A000011124,"Total, new motor vehicles","Total, country of manufacture",Units,Unadjusted,Units,300,units,0,v42169911,1.1.1.1.1,12689,,,,0
1947-01,Canada,2016A000011124,"Total, new motor vehicles","Total, country of manufacture",Units,Unadjusted,Units,300,units,0,v42169911,1.1.1.1.1,13977,,,,0
1947-02,Canada,2016A000011124,"Total, new motor vehicles","Total, country of manufacture",Units,Unadjusted,Units,300,units,0,v42169911,1.1.1.1.1,15806,,,,0
1947-03,Canada,2016A000011124,"Total, new motor vehicles","Total, country of manufacture",Units,Unadjusted,Units,300,units,0,v42169911,1.1.1.1.1,18237,,,,0
1947-04,Canada,2016A000011124,"Total, new motor vehicles","Total, country of manufacture",Units,Unadjusted,Units,300,units,0,v42169911,1.1.1.1.1,19176,,,,0
1947-05,Canada,2016A000011124,"Total, new motor vehicles","Total, country of manufacture",Units,Unadjusted,Units,300,units,0,v42169911,1.1.1.1.1,19105,,,,0
1947-06,Canada,2016A000011124,"Total, new motor vehicles","Total, country of manufacture",Units,Unadjusted,Units,300,units,0,v42169911,1.1.1.1.1,20688,,,,0
1947-07,Canada,2016A000011124,"Total, new motor vehicles","Total, country of manufacture",Units,Unadjusted,Units,300,units,0,v42169911,1.1.1.1.1,20696,,,,0
1947-08,Canada,2016A000011124,"Total, new motor vehicles","Total, country of manufacture",Units,Unadjusted,Units,300,units,0,v42169911,1.1.1.1.1,17094,,,,0
1947-09,Canada,2016A000011124,"Total, new motor vehicles","Total, country of manufacture",Units,Unadjusted,Units,300,units,0,v42169911,1.1.1.1.1,23491,,,,0
1947-10,Canada,2016A000011124,"Total, new motor vehicles","Total, country of manufacture",Units,Unadjusted,Units,300,units,0,v42169911,1.1.1.1.1,23647,,,,0
1947-11,Canada,2016A000011124,"Total, new motor vehicles","Total, country of manufacture",Units,Unadjusted,Units,300,units,0,v42169911,1.1.1.1.1,20690,,,,0
1947-12,Canada,2016A000011124,"Total, new motor vehicles","Total, country of manufacture",Units,Unadjusted,Units,300,units,0,v42169911,1.1.1.1.1,17648,,,,0
1948-01,Canada,2016A000011124,"Total, new motor vehicles","Total, country of manufacture",Units,Unadjusted,Units,300,units,0,v42169911,1.1.1.1.1,13704,,,,0
1948-02,Canada,2016A000011124,"Total, new motor vehicles","Total, country of manufacture",Units,Unadjusted,Units,300,units,0,v42169911,1.1.1.1.1,13193,,,,0
1948-03,Canada,2016A000011124,"Total, new motor vehicles","Total, country of manufacture",Units,Unadjusted,Units,300,units,0,v42169911,1.1.1.1.1,20974,,,,0
1948-04,Canada,2016A000011124,"Total, new motor vehicles","Total, country of manufacture",Units,Unadjusted,Units,300,units,0,v42169911,1.1.1.1.1,19286,,,,0
1948-05,Canada,2016A000011124,"Total, new motor vehicles","Total, country of manufacture",Units,Unadjusted,Units,300,units,0,v42169911,1.1.1.1.1,18751,,,,0
1948-06,Canada,2016A000011124,"Total, new motor vehicles","Total, country of manufacture",Units,Unadjusted,Units,300,units,0,v42169911,1.1.1.1.1,21626,,,,0
1948-07,Canada,2016A000011124,"Total, new motor vehicles","Total, country of manufacture",Units,Unadjusted,Units,300,units,0,v42169911,1.1.1.1.1,16164,,,,0
1948-08,Canada,2016A000011124,"Total, new motor vehicles","Total, country of manufacture",Units,Unadjusted,Units,300,units,0,v42169911,1.1.1.1.1,13676,,,,0
1948-09,Canada,2016A000011124,"Total, new motor vehicles","Total, country of manufacture",Units,Unadjusted,Units,300,units,0,v42169911,1.1.1.1.1,19007,,,,0
1948-10,Canada,2016A000011124,"Total, new motor vehicles","Total, country of manufacture",Units,Unadjusted,Units,300,units,0,v42169911,1.1.1.1.1,21110,,,,0
1948-11,Canada,2016A000011124,"Total, new motor vehicles","Total, country of manufacture",Units,Unadjusted,Units,300,units,0,v42169911,1.1.1.1.1,22345,,,,0
1948-12,Canada,2016A000011124,"Total, new motor vehicles","Total, country of manufacture",Units,Unadjusted,Units,300,units,0,v42169911,1.1.1.1.1,21464,,,,0
1949-01,Canada,2016A000011124,"Total, new motor vehicles","Total, country of manufacture",Units,Unadjusted,Units,300,units,0,v42169911,1.1.1.1.1,11838,,,,0
1949-02,Canada,2016A000011124,"Total, new motor vehicles","Total, country of manufacture",Units,Unadjusted,Units,300,units,0,v42169911,1.1.1.1.1,15301,,,,0
1949-03,Canada,2016A000011124,"Total, new motor vehicles","Total, country of manufacture",Units,Unadjusted,Units,300,units,0,v42169911,1.1.1.1.1,25054,,,,0
1949-04,Canada,2016A000011124,"Total, new motor vehicles","Total, country of manufacture",Units,Unadjusted,Units,300,units,0,v42169911,1.1.1.1.1,29314,,,,0
1949-05,Canada,2016A000011124,"Total, new motor vehicles","Total, country of manufacture",Units,Unadjusted,Units,300,units,0,v42169911,1.1.1.1.1,28385,,,,0
1949-06,Canada,2016A000011124,"Total, new motor vehicles","Total, country of manufacture",Units,Unadjusted,Units,300,units,0,v42169911,1.1.1.1.1,27829,,,,0
1949-07,Canada,2016A000011124,"Total, new motor vehicles","Total, country of manufacture",Units,Unadjusted,Units,300,units,0,v42169911,1.1.1.1.1,29177,,,,0
1949-08,Canada,2016A000011124,"Total, new motor vehicles","Total, country of manufacture",Units,Unadjusted,Units,300,units,0,v42169911,1.1.1.1.1,18561,,,,0
1949-09,Canada,2016A000011124,"Total, new motor vehicles","Total, country of manufacture",Units,Unadjusted,Units,300,units,0,v42169911,1.1.1.1.1,28239,,,,0
1949-10,Canada,2016A000011124,"Total, new motor vehicles","Total, country of manufacture",Units,Unadjusted,Units,300,units,0,v42169911,1.1.1.1.1,30722,,,,0
1949-11,Canada,2016A000011124,"Total, new motor vehicles","Total, country of manufacture",Units,Unadjusted,Units,300,units,0,v42169911,1.1.1.1.1,19700,,,,0
1949-12,Canada,2016A000011124,"Total, new motor vehicles","Total, country of manufacture",Units,Unadjusted,Units,300,units,0,v42169911,1.1.1.1.1,22221,,,,0
1950-01,Canada,2016A000011124,"Total, new motor vehicles","Total, country of manufacture",Units,Unadjusted,Units,300,units,0,v42169911,1.1.1.1.1,26998,,,,0
1950-02,Canada,2016A000011124,"Total, new motor vehicles","Total, country of manufacture",Units,Unadjusted,Units,300,units,0,v42169911,1.1.1.1.1,30000,,,,0
1950-03,Canada,2016A000011124,"Total, new motor vehicles","Total, country of manufacture",Units,Unadjusted,Units,300,units,0,v42169911,1.1.1.1.1,35324,,,,0
1950-04,Canada,2016A000011124,"Total, new motor vehicles","Total, country of manufacture",Units,Unadjusted,Units,300,units,0,v42169911,1.1.1.1.1,37084,,,,0
1950-05,Canada,2016A000011124,"Total, new motor vehicles","Total, country of manufacture",Units,Unadjusted,Units,300,units,0,v42169911,1.1.1.1.1,40645,,,,0
1950-06,Canada,2016A000011124,"Total, new motor vehicles","Total, country of manufacture",Units,Unadjusted,Units,300,units,0,v42169911,1.1.1.1.1,45895,,,,0
1950-07,Canada,2016A000011124,"Total, new motor vehicles","Total, country of manufacture",Units,Unadjusted,Units,300,units,0,v42169911,1.1.1.1.1,43914,,,,0
1950-08,Canada,2016A000011124,"Total, new motor vehicles","Total, country of manufacture",Units,Unadjusted,Units,300,units,0,v42169911,1.1.1.1.1,32900,,,,0
1950-09,Canada,2016A000011124,"Total, new motor vehicles","Total, country of manufacture",Units,Unadjusted,Units,300,units,0,v42169911,1.1.1.1.1,39044,,,,0
1950-10,Canada,2016A000011124,"Total, new motor vehicles","Total, country of manufacture",Units,Unadjusted,Units,300,units,0,v42169911,1.1.1.1.1,35811,,,,0
1950-11,Canada,2016A000011124,"Total, new motor vehicles","Total, country of manufacture",Units,Unadjusted,Units,300,units,0,v42169911,1.1.1.1.1,32752,,,,0
1950-12,Canada,2016A000011124,"Total, new motor vehicles","Total, country of manufacture",Units,Unadjusted,Units,300,units,0,v42169911,1.1.1.1.1,29328,,,,0
1951-01,Canada,2016A000011124,"Total, new motor vehicles","Total, country of manufacture",Units,Unadjusted,Units,300,units,0,v42169911,1.1.1.1.1,33724,,,,0
1951-02,Canada,2016A000011124,"Total, new motor vehicles","Total, country of manufacture",Units,Unadjusted,Units,300,units,0,v42169911,1.1.1.1.1,43576,,,,0
1951-03,Canada,2016A000011124,"Total, new motor vehicles","Total, country of manufacture",Units,Unadjusted,Units,300,units,0,v42169911,1.1.1.1.1,49612,,,,0
1951-04,Canada,2016A000011124,"Total, new motor vehicles","Total, country of manufacture",Units,Unadjusted,Units,300,units,0,v42169911,1.1.1.1.1,46180,,,,0
1951-05,Canada,2016A000011124,"Total, new motor vehicles","Total, country of manufacture",Units,Unadjusted,Units,300,units,0,v42169911,1.1.1.1.1,36445,,,,0
1951-06,Canada,2016A000011124,"Total, new motor vehicles","Total, country of manufacture",Units,Unadjusted,Units,300,units,0,v42169911,1.1.1.1.1,32680,,,,0
1951-07,Canada,2016A000011124,"Total, new motor vehicles","Total, country of manufacture",Units,Unadjusted,Units,300,units,0,v42169911,1.1.1.1.1,29260,,,,0
1951-08,Canada,2016A000011124,"Total, new motor vehicles","Total, country of manufacture",Units,Unadjusted,Units,300,units,0,v42169911,1.1.1.1.1,21631,,,,0
1951-09,Canada,2016A000011124,"Total, new motor vehicles","Total, country of manufacture",Units,Unadjusted,Units,300,units,0,v42169911,1.1.1.1.1,27996,,,,0
1951-10,Canada,2016A000011124,"Total, new motor vehicles","Total, country of manufacture",Units,Unadjusted,Units,300,units,0,v42169911,1.1.1.1.1,22801,,,,0
1951-11,Canada,2016A000011124,"Total, new motor vehicles","Total, country of manufacture",Units,Unadjusted,Units,300,units,0,v42169911,1.1.1.1.1,21936,,,,0
1951-12,Canada,2016A000011124,"Total, new motor vehicles","Total, country of manufacture",Units,Unadjusted,Units,300,units,0,v42169911,1.1.1.1.1,19807,,,,0
1952-01,Canada,2016A000011124,"Total, new motor vehicles","Total, country of manufacture",Units,Unadjusted,Units,300,units,0,v42169911,1.1.1.1.1,20311,,,,0
1952-02,Canada,2016A000011124,"Total, new motor vehicles","Total, country of manufacture",Units,Unadjusted,Units,300,units,0,v42169911,1.1.1.1.1,25131,,,,0
1952-03,Canada,2016A000011124,"Total, new motor vehicles","Total, country of manufacture",Units,Unadjusted,Units,300,units,0,v42169911,1.1.1.1.1,32764,,,,0
1952-04,Canada,2016A000011124,"Total, new motor vehicles","Total, country of manufacture",Units,Unadjusted,Units,300,units,0,v42169911,1.1.1.1.1,41046,,,,0
1952-05,Canada,2016A000011124,"Total, new motor vehicles","Total, country of manufacture",Units,Unadjusted,Units,300,units,0,v42169911,1.1.1.1.1,50143,,,,0
1952-06,Canada,2016A000011124,"Total, new motor vehicles","Total, country of manufacture",Units,Unadjusted,Units,300,units,0,v42169911,1.1.1.1.1,43171,,,,0
1952-07,Canada,2016A000011124,"Total, new motor vehicles","Total, country of manufacture",Units,Unadjusted,Units,300,units,0,v42169911,1.1.1.1.1,38133,,,,0
1952-08,Canada,2016A000011124,"Total, new motor vehicles","Total, country of manufacture",Units,Unadjusted,Units,300,units,0,v42169911,1.1.1.1.1,26829,,,,0
1952-09,Canada,2016A000011124,"Total, new motor vehicles","Total, country of manufacture",Units,Unadjusted,Units,300,units,0,v42169911,1.1.1.1.1,31936,,,,0
1952-10,Canada,2016A000011124,"Total, new motor vehicles","Total, country of manufacture",Units,Unadjusted,Units,300,units,0,v42169911,1.1.1.1.1,33889,,,,0
1952-11,Canada,2016A000011124,"Total, new motor vehicles","Total, country of manufacture",Units,Unadjusted,Units,300,units,0,v42169911,1.1.1.1.1,32176,,,,0
1952-12,Canada,2016A000011124,"Total, new motor vehicles","Total, country of manufacture",Units,Unadjusted,Units,300,units,0,v42169911,1.1.1.1.1,25248,,,,0
1953-01,Canada,2016A000011124,"Total, new motor vehicles","Total, country of manufacture",Units,Unadjusted,Units,300,units,0,v42169911,1.1.1.1.1,30203,,,,0
1953-02,Canada,2016A000011124,"Total, new motor vehicles","Total, country of manufacture",Units,Unadjusted,Units,300,units,0,v42169911,1.1.1.1.1,38528,,,,0
1953-03,Canada,2016A000011124,"Total, new motor vehicles","Total, country of manufacture",Units,Unadjusted,Units,300,units,0,v42169911,1.1.1.1.1,49999,,,,0
1953-04,Canada,2016A000011124,"Total, new motor vehicles","Total, country of manufacture",Units,Unadjusted,Units,300,units,0,v42169911,1.1.1.1.1,56261,,,,0
1953-05,Canada,2016A000011124,"Total, new motor vehicles","Total, country of manufacture",Units,Unadjusted,Units,300,units,0,v42169911,1.1.1.1.1,52978,,,,0
1953-06,Canada,2016A000011124,"Total, new motor vehicles","Total, country of manufacture",Units,Unadjusted,Units,300,units,0,v42169911,1.1.1.1.1,46691,,,,0
1953-07,Canada,2016A000011124,"Total, new motor vehicles","Total, country of manufacture",Units,Unadjusted,Units,300,units,0,v42169911,1.1.1.1.1,42801,,,,0
1953-08,Canada,2016A000011124,"Total, new motor vehicles","Total, country of manufacture",Units,Unadjusted,Units,300,units,0,v42169911,1.1.1.1.1,29040,,,,0
1953-09,Canada,2016A000011124,"Total, new motor vehicles","Total, country of manufacture",Units,Unadjusted,Units,300,units,0,v42169911,1.1.1.1.1,30029,,,,0
1953-10,Canada,2016A000011124,"Total, new motor vehicles","Total, country of manufacture",Units,Unadjusted,Units,300,units,0,v42169911,1.1.1.1.1,32781,,,,0
1953-11,Canada,2016A000011124,"Total, new motor vehicles","Total, country of manufacture",Units,Unadjusted,Units,300,units,0,v42169911,1.1.1.1.1,28140,,,,0
1953-12,Canada,2016A000011124,"Total, new motor vehicles","Total, country of manufacture",Units,Unadjusted,Units,300,units,0,v42169911,1.1.1.1.1,25075,,,,0
1954-01,Canada,2016A000011124,"Total, new motor vehicles","Total, country of manufacture",Units,Unadjusted,Units,300,units,0,v42169911,1.1.1.1.1,23150,,,,0
1954-02,Canada,2016A000011124,"Total, new motor vehicles","Total, country of manufacture",Units,Unadjusted,Units,300,units,0,v42169911,1.1.1.1.1,30082,,,,0
1954-03,Canada,2016A000011124,"Total, new motor vehicles","Total, country of manufacture",Units,Unadjusted,Units,300,units,0,v42169911,1.1.1.1.1,44944,,,,0
1954-04,Canada,2016A000011124,"Total, new motor vehicles","Total, country of manufacture",Units,Unadjusted,Units,300,units,0,v42169911,1.1.1.1.1,47279,,,,0
1954-05,Canada,2016A000011124,"Total, new motor vehicles","Total, country of manufacture",Units,Unadjusted,Units,300,units,0,v42169911,1.1.1.1.1,44108,,,,0
1954-06,Canada,2016A000011124,"Total, new motor vehicles","Total, country of manufacture",Units,Unadjusted,Units,300,units,0,v42169911,1.1.1.1.1,38736,,,,0
1954-07,Canada,2016A000011124,"Total, new motor vehicles","Total, country of manufacture",Units,Unadjusted,Units,300,units,0,v42169911,1.1.1.1.1,33726,,,,0
1954-08,Canada,2016A000011124,"Total, new motor vehicles","Total, country of manufacture",Units,Unadjusted,Units,300,units,0,v42169911,1.1.1.1.1,27480,,,,0
1954-09,Canada,2016A000011124,"Total, new motor vehicles","Total, country of manufacture",Units,Unadjusted,Units,300,units,0,v42169911,1.1.1.1.1,28355,,,,0
1954-10,Canada,2016A000011124,"Total, new motor vehicles","Total, country of manufacture",Units,Unadjusted,Units,300,units,0,v42169911,1.1.1.1.1,20812,,,,0
1954-11,Canada,2016A000011124,"Total, new motor vehicles","Total, country of manufacture",Units,Unadjusted,Units,300,units,0,v42169911,1.1.1.1.1,20614,,,,0
1954-12,Canada,2016A000011124,"Total, new motor vehicles","Total, country of manufacture",Units,Unadjusted,Units,300,units,0,v42169911,1.1.1.1.1,23342,,,,0
1955-01,Canada,2016A000011124,"Total, new motor vehicles","Total, country of manufacture",Units,Unadjusted,Units,300,units,0,v42169911,1.1.1.1.1,21386,,,,0
1955-02,Canada,2016A000011124,"Total, new motor vehicles","Total, country of manufacture",Units,Unadjusted,Units,300,units,0,v42169911,1.1.1.1.1,26296,,,,0
1955-03,Canada,2016A000011124,"Total, new motor vehicles","Total, country of manufacture",Units,Unadjusted,Units,300,units,0,v42169911,1.1.1.1.1,35624,,,,0
1955-04,Canada,2016A000011124,"Total, new motor vehicles","Total, country of manufacture",Units,Unadjusted,Units,300,units,0,v42169911,1.1.1.1.1,53911,,,,0
1955-05,Canada,2016A000011124,"Total, new motor vehicles","Total, country of manufacture",Units,Unadjusted,Units,300,units,0,v42169911,1.1.1.1.1,61049,,,,0
1955-06,Canada,2016A000011124,"Total, new motor vehicles","Total, country of manufacture",Units,Unadjusted,Units,300,units,0,v42169911,1.1.1.1.1,54913,,,,0
1955-07,Canada,2016A000011124,"Total, new motor vehicles","Total, country of manufacture",Units,Unadjusted,Units,300,units,0,v42169911,1.1.1.1.1,47434,,,,0
1955-08,Canada,2016A000011124,"Total, new motor vehicles","Total, country of manufacture",Units,Unadjusted,Units,300,units,0,v42169911,1.1.1.1.1,42045,,,,0
1955-09,Canada,2016A000011124,"Total, new motor vehicles","Total, country of manufacture",Units,Unadjusted,Units,300,units,0,v42169911,1.1.1.1.1,31844,,,,0
1955-10,Canada,2016A000011124,"Total, new motor vehicles","Total, country of manufacture",Units,Unadjusted,Units,300,units,0,v42169911,1.1.1.1.1,33418,,,,0
1955-11,Canada,2016A000011124,"Total, new motor vehicles","Total, country of manufacture",Units,Unadjusted,Units,300,units,0,v42169911,1.1.1.1.1,28962,,,,0
1955-12,Canada,2016A000011124,"Total, new motor vehicles","Total, country of manufacture",Units,Unadjusted,Units,300,units,0,v42169911,1.1.1.1.1,28796,,,,0
1956-01,Canada,2016A000011124,"Total, new motor vehicles","Total, country of manufacture",Units,Unadjusted,Units,300,units,0,v42169911,1.1.1.1.1,21317,,,,0
1956-02,Canada,2016A000011124,"Total, new motor vehicles","Total, country of manufacture",Units,Unadjusted,Units,300,units,0,v42169911,1.1.1.1.1,28533,,,,0
1956-03,Canada,2016A000011124,"Total, new motor vehicles","Total, country of manufacture",Units,Unadjusted,Units,300,units,0,v42169911,1.1.1.1.1,43339,,,,0
1956-04,Canada,2016A000011124,"Total, new motor vehicles","Total, country of manufacture",Units,Unadjusted,Units,300,units,0,v42169911,1.1.1.1.1,58454,,,,0
1956-05,Canada,2016A000011124,"Total, new motor vehicles","Total, country of manufacture",Units,Unadjusted,Units,300,units,0,v42169911,1.1.1.1.1,65438,,,,0
1956-06,Canada,2016A000011124,"Total, new motor vehicles","Total, country of manufacture",Units,Unadjusted,Units,300,units,0,v42169911,1.1.1.1.1,58587,,,,0
1956-07,Canada,2016A000011124,"Total, new motor vehicles","Total, country of manufacture",Units,Unadjusted,Units,300,units,0,v42169911,1.1.1.1.1,51564,,,,0
1956-08,Canada,2016A000011124,"Total, new motor vehicles","Total, country of manufacture",Units,Unadjusted,Units,300,units,0,v42169911,1.1.1.1.1,42468,,,,0
1956-09,Canada,2016A000011124,"Total, new motor vehicles","Total, country of manufacture",Units,Unadjusted,Units,300,units,0,v42169911,1.1.1.1.1,33578,,,,0
1956-10,Canada,2016A000011124,"Total, new motor vehicles","Total, country of manufacture",Units,Unadjusted,Units,300,units,0,v42169911,1.1.1.1.1,33963,,,,0
1956-11,Canada,2016A000011124,"Total, new motor vehicles","Total, country of manufacture",Units,Unadjusted,Units,300,units,0,v42169911,1.1.1.1.1,31398,,,,0
1956-12,Canada,2016A000011124,"Total, new motor vehicles","Total, country of manufacture",Units,Unadjusted,Units,300,units,0,v42169911,1.1.1.1.1,31282,,,,0
1957-01,Canada,2016A000011124,"Total, new motor vehicles","Total, country of manufacture",Units,Unadjusted,Units,300,units,0,v42169911,1.1.1.1.1,32745,,,,0
1957-02,Canada,2016A000011124,"Total, new motor vehicles","Total, country of manufacture",Units,Unadjusted,Units,300,units,0,v42169911,1.1.1.1.1,32342,,,,0
1957-03,Canada,2016A000011124,"Total, new motor vehicles","Total, country of manufacture",Units,Unadjusted,Units,300,units,0,v42169911,1.1.1.1.1,45749,,,,0
1957-04,Canada,2016A000011124,"Total, new motor vehicles","Total, country of manufacture",Units,Unadjusted,Units,300,units,0,v42169911,1.1.1.1.1,55357,,,,0
1957-05,Canada,2016A000011124,"Total, new motor vehicles","Total, country of manufacture",Units,Unadjusted,Units,300,units,0,v42169911,1.1.1.1.1,54527,,,,0
1957-06,Canada,2016A000011124,"Total, new motor vehicles","Total, country of manufacture",Units,Unadjusted,Units,300,units,0,v42169911,1.1.1.1.1,45864,,,,0
1957-07,Canada,2016A000011124,"Total, new motor vehicles","Total, country of manufacture",Units,Unadjusted,Units,300,units,0,v42169911,1.1.1.1.1,42498,,,,0
1957-08,Canada,2016A000011124,"Total, new motor vehicles","Total, country of manufacture",Units,Unadjusted,Units,300,units,0,v42169911,1.1.1.1.1,37902,,,,0
1957-09,Canada,2016A000011124,"Total, new motor vehicles","Total, country of manufacture",Units,Unadjusted,Units,300,units,0,v42169911,1.1.1.1.1,32131,,,,0
1957-10,Canada,2016A000011124,"Total, new motor vehicles","Total, country of manufacture",Units,Unadjusted,Units,300,units,0,v42169911,1.1.1.1.1,25773,,,,0
1957-11,Canada,2016A000011124,"Total, new motor vehicles","Total, country of manufacture",Units,Unadjusted,Units,300,units,0,v42169911,1.1.1.1.1,26307,,,,0
1957-12,Canada,2016A000011124,"Total, new motor vehicles","Total, country of manufacture",Units,Unadjusted,Units,300,units,0,v42169911,1.1.1.1.1,27104,,,,0
1958-01,Canada,2016A000011124,"Total, new motor vehicles","Total, country of manufacture",Units,Unadjusted,Units,300,units,0,v42169911,1.1.1.1.1,30966,,,,0
1958-02,Canada,2016A000011124,"Total, new motor vehicles","Total, country of manufacture",Units,Unadjusted,Units,300,units,0,v42169911,1.1.1.1.1,31636,,,,0
1958-03,Canada,2016A000011124,"Total, new motor vehicles","Total, country of manufacture",Units,Unadjusted,Units,300,units,0,v42169911,1.1.1.1.1,40596,,,,0
1958-04,Canada,2016A000011124,"Total, new motor vehicles","Total, country of manufacture",Units,Unadjusted,Units,300,units,0,v42169911,1.1.1.1.1,50828,,,,0
1958-05,Canada,2016A000011124,"Total, new motor vehicles","Total, country of manufacture",Units,Unadjusted,Units,300,units,0,v42169911,1.1.1.1.1,46879,,,,0
1958-06,Canada,2016A000011124,"Total, new motor vehicles","Total, country of manufacture",Units,Unadjusted,Units,300,units,0,v42169911,1.1.1.1.1,44840,,,,0
1958-07,Canada,2016A000011124,"Total, new motor vehicles","Total, country of manufacture",Units,Unadjusted,Units,300,units,0,v42169911,1.1.1.1.1,40980,,,,0
1958-08,Canada,2016A000011124,"Total, new motor vehicles","Total, country of manufacture",Units,Unadjusted,Units,300,units,0,v42169911,1.1.1.1.1,30638,,,,0
1958-09,Canada,2016A000011124,"Total, new motor vehicles","Total, country of manufacture",Units,Unadjusted,Units,300,units,0,v42169911,1.1.1.1.1,26761,,,,0
1958-10,Canada,2016A000011124,"Total, new motor vehicles","Total, country of manufacture",Units,Unadjusted,Units,300,units,0,v42169911,1.1.1.1.1,33728,,,,0
1958-11,Canada,2016A000011124,"Total, new motor vehicles","Total, country of manufacture",Units,Unadjusted,Units,300,units,0,v42169911,1.1.1.1.1,31849,,,,0
1958-12,Canada,2016A000011124,"Total, new motor vehicles","Total, country of manufacture",Units,Unadjusted,Units,300,units,0,v42169911,1.1.1.1.1,35068,,,,0
1959-01,Canada,2016A000011124,"Total, new motor vehicles","Total, country of manufacture",Units,Unadjusted,Units,300,units,0,v42169911,1.1.1.1.1,32397,,,,0
1959-02,Canada,2016A000011124,"Total, new motor vehicles","Total, country of manufacture",Units,Unadjusted,Units,300,units,0,v42169911,1.1.1.1.1,37129,,,,0
1959-03,Canada,2016A000011124,"Total, new motor vehicles","Total, country of manufacture",Units,Unadjusted,Units,300,units,0,v42169911,1.1.1.1.1,48448,,,,0
1959-04,Canada,2016A000011124,"Total, new motor vehicles","Total, country of manufacture",Units,Unadjusted,Units,300,units,0,v42169911,1.1.1.1.1,59360,,,,0
1959-05,Canada,2016A000011124,"Total, new motor vehicles","Total, country of manufacture",Units,Unadjusted,Units,300,units,0,v42169911,1.1.1.1.1,55646,,,,0
1959-06,Canada,2016A000011124,"Total, new motor vehicles","Total, country of manufacture",Units,Unadjusted,Units,300,units,0,v42169911,1.1.1.1.1,57063,,,,0
1959-07,Canada,2016A000011124,"Total, new motor vehicles","Total, country of manufacture",Units,Unadjusted,Units,300,units,0,v42169911,1.1.1.1.1,42734,,,,0
1959-08,Canada,2016A000011124,"Total, new motor vehicles","Total, country of manufacture",Units,Unadjusted,Units,300,units,0,v42169911,1.1.1.1.1,38099,,,,0
1959-09,Canada,2016A000011124,"Total, new motor vehicles","Total, country of manufacture",Units,Unadjusted,Units,300,units,0,v42169911,1.1.1.1.1,31218,,,,0
1959-10,Canada,2016A000011124,"Total, new motor vehicles","Total, country of manufacture",Units,Unadjusted,Units,300,units,0,v42169911,1.1.1.1.1,37072,,,,0
1959-11,Canada,2016A000011124,"Total, new motor vehicles","Total, country of manufacture",Units,Unadjusted,Units,300,units,0,v42169911,1.1.1.1.1,35300,,,,0
1959-12,Canada,2016A000011124,"Total, new motor vehicles","Total, country of manufacture",Units,Unadjusted,Units,300,units,0,v42169911,1.1.1.1.1,28160,,,,0
1960-01,Canada,2016A000011124,"Total, new motor vehicles","Total, country of manufacture",Units,Unadjusted,Units,300,units,0,v42169911,1.1.1.1.1,32271,,,,0
1960-02,Canada,2016A000011124,"Total, new motor vehicles","Total, country of manufacture",Units,Unadjusted,Units,300,units,0,v42169911,1.1.1.1.1,40266,,,,0
1960-03,Canada,2016A000011124,"Total, new motor vehicles","Total, country of manufacture",Units,Unadjusted,Units,300,units,0,v42169911,1.1.1.1.1,50644,,,,0
1960-04,Canada,2016A000011124,"Total, new motor vehicles","Total, country of manufacture",Units,Unadjusted,Units,300,units,0,v42169911,1.1.1.1.1,57775,,,,0
1960-05,Canada,2016A000011124,"Total, new motor vehicles","Total, country of manufacture",Units,Unadjusted,Units,300,units,0,v42169911,1.1.1.1.1,58447,,,,0
1960-06,Canada,2016A000011124,"Total, new motor vehicles","Total, country of manufacture",Units,Unadjusted,Units,300,units,0,v42169911,1.1.1.1.1,58699,,,,0
1960-07,Canada,2016A000011124,"Total, new motor vehicles","Total, country of manufacture",Units,Unadjusted,Units,300,units,0,v42169911,1.1.1.1.1,39373,,,,0
1960-08,Canada,2016A000011124,"Total, new motor vehicles","Total, country of manufacture",Units,Unadjusted,Units,300,units,0,v42169911,1.1.1.1.1,35375,,,,0
1960-09,Canada,2016A000011124,"Total, new motor vehicles","Total, country of manufacture",Units,Unadjusted,Units,300,units,0,v42169911,1.1.1.1.1,31591,,,,0
1960-10,Canada,2016A000011124,"Total, new motor vehicles","Total, country of manufacture",Units,Unadjusted,Units,300,units,0,v42169911,1.1.1.1.1,39593,,,,0
1960-11,Canada,2016A000011124,"Total, new motor vehicles","Total, country of manufacture",Units,Unadjusted,Units,300,units,0,v42169911,1.1.1.1.1,42124,,,,0
1960-12,Canada,2016A000011124,"Total, new motor vehicles","Total, country of manufacture",Units,Unadjusted,Units,300,units,0,v42169911,1.1.1.1.1,37030,,,,0
1961-01,Canada,2016A000011124,"Total, new motor vehicles","Total, country of manufacture",Units,Unadjusted,Units,300,units,0,v42169911,1.1.1.1.1,32641,,,,0
1961-02,Canada,2016A000011124,"Total, new motor vehicles","Total, country of manufacture",Units,Unadjusted,Units,300,units,0,v42169911,1.1.1.1.1,36097,,,,0
1961-03,Canada,2016A000011124,"Total, new motor vehicles","Total, country of manufacture",Units,Unadjusted,Units,300,units,0,v42169911,1.1.1.1.1,45481,,,,0
1961-04,Canada,2016A000011124,"Total, new motor vehicles","Total, country of manufacture",Units,Unadjusted,Units,300,units,0,v42169911,1.1.1.1.1,51831,,,,0
1961-05,Canada,2016A000011124,"Total, new motor vehicles","Total, country of manufacture",Units,Unadjusted,Units,300,units,0,v42169911,1.1.1.1.1,58141,,,,0
1961-06,Canada,2016A000011124,"Total, new motor vehicles","Total, country of manufacture",Units,Unadjusted,Units,300,units,0,v42169911,1.1.1.1.1,52996,,,,0
1961-07,Canada,2016A000011124,"Total, new motor vehicles","Total, country of manufacture",Units,Unadjusted,Units,300,units,0,v42169911,1.1.1.1.1,45292,,,,0
1961-08,Canada,2016A000011124,"Total, new motor vehicles","Total, country of manufacture",Units,Unadjusted,Units,300,units,0,v42169911,1.1.1.1.1,36932,,,,0
1961-09,Canada,2016A000011124,"Total, new motor vehicles","Total, country of manufacture",Units,Unadjusted,Units,300,units,0,v42169911,1.1.1.1.1,28904,,,,0
1961-10,Canada,2016A000011124,"Total, new motor vehicles","Total, country of manufacture",Units,Unadjusted,Units,300,units,0,v42169911,1.1.1.1.1,37478,,,,0
1961-11,Canada,2016A000011124,"Total, new motor vehicles","Total, country of manufacture",Units,Unadjusted,Units,300,units,0,v42169911,1.1.1.1.1,49396,,,,0
1961-12,Canada,2016A000011124,"Total, new motor vehicles","Total, country of manufacture",Units,Unadjusted,Units,300,units,0,v42169911,1.1.1.1.1,36290,,,,0
1962-01,Canada,2016A000011124,"Total, new motor vehicles","Total, country of manufacture",Units,Unadjusted,Units,300,units,0,v42169911,1.1.1.1.1,42241,,,,0
1962-02,Canada,2016A000011124,"Total, new motor vehicles","Total, country of manufacture",Units,Unadjusted,Units,300,units,0,v42169911,1.1.1.1.1,38950,,,,0
1962-03,Canada,2016A000011124,"Total, new motor vehicles","Total, country of manufacture",Units,Unadjusted,Units,300,units,0,v42169911,1.1.1.1.1,57942,,,,0
1962-04,Canada,2016A000011124,"Total, new motor vehicles","Total, country of manufacture",Units,Unadjusted,Units,300,units,0,v42169911,1.1.1.1.1,62597,,,,0
1962-05,Canada,2016A000011124,"Total, new motor vehicles","Total, country of manufacture",Units,Unadjusted,Units,300,units,0,v42169911,1.1.1.1.1,74822,,,,0
1962-06,Canada,2016A000011124,"Total, new motor vehicles","Total, country of manufacture",Units,Unadjusted,Units,300,units,0,v42169911,1.1.1.1.1,60284,,,,0
1962-07,Canada,2016A000011124,"Total, new motor vehicles","Total, country of manufacture",Units,Unadjusted,Units,300,units,0,v42169911,1.1.1.1.1,45936,,,,0
1962-08,Canada,2016A000011124,"Total, new motor vehicles","Total, country of manufacture",Units,Unadjusted,Units,300,units,0,v42169911,1.1.1.1.1,35176,,,,0
1962-09,Canada,2016A000011124,"Total, new motor vehicles","Total, country of manufacture",Units,Unadjusted,Units,300,units,0,v42169911,1.1.1.1.1,23416,,,,0
1962-10,Canada,2016A000011124,"Total, new motor vehicles","Total, country of manufacture",Units,Unadjusted,Units,300,units,0,v42169911,1.1.1.1.1,48522,,,,0
1962-11,Canada,2016A000011124,"Total, new motor vehicles","Total, country of manufacture",Units,Unadjusted,Units,300,units,0,v42169911,1.1.1.1.1,49785,,,,0
1962-12,Canada,2016A000011124,"Total, new motor vehicles","Total, country of manufacture",Units,Unadjusted,Units,300,units,0,v42169911,1.1.1.1.1,45539,,,,0
1963-01,Canada,2016A000011124,"Total, new motor vehicles","Total, country of manufacture",Units,Unadjusted,Units,300,units,0,v42169911,1.1.1.1.1,43284,,,,0
1963-02,Canada,2016A000011124,"Total, new motor vehicles","Total, country of manufacture",Units,Unadjusted,Units,300,units,0,v42169911,1.1.1.1.1,45785,,,,0
1963-03,Canada,2016A000011124,"Total, new motor vehicles","Total, country of manufacture",Units,Unadjusted,Units,300,units,0,v42169911,1.1.1.1.1,55726,,,,0
1963-04,Canada,2016A000011124,"Total, new motor vehicles","Total, country of manufacture",Units,Unadjusted,Units,300,units,0,v42169911,1.1.1.1.1,74086,,,,0
1963-05,Canada,2016A000011124,"Total, new motor vehicles","Total, country of manufacture",Units,Unadjusted,Units,300,units,0,v42169911,1.1.1.1.1,74001,,,,0
1963-06,Canada,2016A000011124,"Total, new motor vehicles","Total, country of manufacture",Units,Unadjusted,Units,300,units,0,v42169911,1.1.1.1.1,68362,,,,0
1963-07,Canada,2016A000011124,"Total, new motor vehicles","Total, country of manufacture",Units,Unadjusted,Units,300,units,0,v42169911,1.1.1.1.1,49255,,,,0
1963-08,Canada,2016A000011124,"Total, new motor vehicles","Total, country of manufacture",Units,Unadjusted,Units,300,units,0,v42169911,1.1.1.1.1,35502,,,,0
1963-09,Canada,2016A000011124,"Total, new motor vehicles","Total, country of manufacture",Units,Unadjusted,Units,300,units,0,v42169911,1.1.1.1.1,32860,,,,0
1963-10,Canada,2016A000011124,"Total, new motor vehicles","Total, country of manufacture",Units,Unadjusted,Units,300,units,0,v42169911,1.1.1.1.1,58835,,,,0
1963-11,Canada,2016A000011124,"Total, new motor vehicles","Total, country of manufacture",Units,Unadjusted,Units,300,units,0,v42169911,1.1.1.1.1,63307,,,,0
1963-12,Canada,2016A000011124,"Total, new motor vehicles","Total, country of manufacture",Units,Unadjusted,Units,300,units,0,v42169911,1.1.1.1.1,53986,,,,0
1964-01,Canada,2016A000011124,"Total, new motor vehicles","Total, country of manufacture",Units,Unadjusted,Units,300,units,0,v42169911,1.1.1.1.1,53261,,,,0
1964-02,Canada,2016A000011124,"Total, new motor vehicles","Total, country of manufacture",Units,Unadjusted,Units,300,units,0,v42169911,1.1.1.1.1,54821,,,,0
1964-03,Canada,2016A000011124,"Total, new motor vehicles","Total, country of manufacture",Units,Unadjusted,Units,300,units,0,v42169911,1.1.1.1.1,70932,,,,0
1964-04,Canada,2016A000011124,"Total, new motor vehicles","Total, country of manufacture",Units,Unadjusted,Units,300,units,0,v42169911,1.1.1.1.1,79517,,,,0
1964-05,Canada,2016A000011124,"Total, new motor vehicles","Total, country of manufacture",Units,Unadjusted,Units,300,units,0,v42169911,1.1.1.1.1,82117,,,,0
1964-06,Canada,2016A000011124,"Total, new motor vehicles","Total, country of manufacture",Units,Unadjusted,Units,300,units,0,v42169911,1.1.1.1.1,74054,,,,0
1964-07,Canada,2016A000011124,"Total, new motor vehicles","Total, country of manufacture",Units,Unadjusted,Units,300,units,0,v42169911,1.1.1.1.1,59935,,,,0
1964-08,Canada,2016A000011124,"Total, new motor vehicles","Total, country of manufacture",Units,Unadjusted,Units,300,units,0,v42169911,1.1.1.1.1,43735,,,,0
1964-09,Canada,2016A000011124,"Total, new motor vehicles","Total, country of manufacture",Units,Unadjusted,Units,300,units,0,v42169911,1.1.1.1.1,45272,,,,0
1964-10,Canada,2016A000011124,"Total, new motor vehicles","Total, country of manufacture",Units,Unadjusted,Units,300,units,0,v42169911,1.1.1.1.1,61083,,,,0
1964-11,Canada,2016A000011124,"Total, new motor vehicles","Total, country of manufacture",Units,Unadjusted,Units,300,units,0,v42169911,1.1.1.1.1,54838,,,,0
1964-12,Canada,2016A000011124,"Total, new motor vehicles","Total, country of manufacture",Units,Unadjusted,Units,300,units,0,v42169911,1.1.1.1.1,46314,,,,0
1965-01,Canada,2016A000011124,"Total, new motor vehicles","Total, country of manufacture",Units,Unadjusted,Units,300,units,0,v42169911,1.1.1.1.1,51204,,,,0
1965-02,Canada,2016A000011124,"Total, new motor vehicles","Total, country of manufacture",Units,Unadjusted,Units,300,units,0,v42169911,1.1.1.1.1,54630,,,,0
1965-03,Canada,2016A000011124,"Total, new motor vehicles","Total, country of manufacture",Units,Unadjusted,Units,300,units,0,v42169911,1.1.1.1.1,77232,,,,0
1965-04,Canada,2016A000011124,"Total, new motor vehicles","Total, country of manufacture",Units,Unadjusted,Units,300,units,0,v42169911,1.1.1.1.1,88196,,,,0
1965-05,Canada,2016A000011124,"Total, new motor vehicles","Total, country of manufacture",Units,Unadjusted,Units,300,units,0,v42169911,1.1.1.1.1,89641,,,,0
1965-06,Canada,2016A000011124,"Total, new motor vehicles","Total, country of manufacture",Units,Unadjusted,Units,300,units,0,v42169911,1.1.1.1.1,87057,,,,0
1965-07,Canada,2016A000011124,"Total, new motor vehicles","Total, country of manufacture",Units,Unadjusted,Units,300,units,0,v42169911,1.1.1.1.1,65893,,,,0
1965-08,Canada,2016A000011124,"Total, new motor vehicles","Total, country of manufacture",Units,Unadjusted,Units,300,units,0,v42169911,1.1.1.1.1,57274,,,,0
1965-09,Canada,2016A000011124,"Total, new motor vehicles","Total, country of manufacture",Units,Unadjusted,Units,300,units,0,v42169911,1.1.1.1.1,43448,,,,0
1965-10,Canada,2016A000011124,"Total, new motor vehicles","Total, country of manufacture",Units,Unadjusted,Units,300,units,0,v42169911,1.1.1.1.1,69036,,,,0
1965-11,Canada,2016A000011124,"Total, new motor vehicles","Total, country of manufacture",Units,Unadjusted,Units,300,units,0,v42169911,1.1.1.1.1,75912,,,,0
1965-12,Canada,2016A000011124,"Total, new motor vehicles","Total, country of manufacture",Units,Unadjusted,Units,300,units,0,v42169911,1.1.1.1.1,71472,,,,0
1966-01,Canada,2016A000011124,"Total, new motor vehicles","Total, country of manufacture",Units,Unadjusted,Units,300,units,0,v42169911,1.1.1.1.1,58228,,,,0
1966-02,Canada,2016A000011124,"Total, new motor vehicles","Total, country of manufacture",Units,Unadjusted,Units,300,units,0,v42169911,1.1.1.1.1,61566,,,,0
1966-03,Canada,2016A000011124,"Total, new motor vehicles","Total, country of manufacture",Units,Unadjusted,Units,300,units,0,v42169911,1.1.1.1.1,94366,,,,0
1966-04,Canada,2016A000011124,"Total, new motor vehicles","Total, country of manufacture",Units,Unadjusted,Units,300,units,0,v42169911,1.1.1.1.1,78979,,,,0
1966-05,Canada,2016A000011124,"Total, new motor vehicles","Total, country of manufacture",Units,Unadjusted,Units,300,units,0,v42169911,1.1.1.1.1,76182,,,,0
1966-06,Canada,2016A000011124,"Total, new motor vehicles","Total, country of manufacture",Units,Unadjusted,Units,300,units,0,v42169911,1.1.1.1.1,78442,,,,0
1966-07,Canada,2016A000011124,"Total, new motor vehicles","Total, country of manufacture",Units,Unadjusted,Units,300,units,0,v42169911,1.1.1.1.1,60871,,,,0
1966-08,Canada,2016A000011124,"Total, new motor vehicles","Total, country of manufacture",Units,Unadjusted,Units,300,units,0,v42169911,1.1.1.1.1,61819,,,,0
1966-09,Canada,2016A000011124,"Total, new motor vehicles","Total, country of manufacture",Units,Unadjusted,Units,300,units,0,v42169911,1.1.1.1.1,52549,,,,0
1966-10,Canada,2016A000011124,"Total, new motor vehicles","Total, country of manufacture",Units,Unadjusted,Units,300,units,0,v42169911,1.1.1.1.1,67446,,,,0
1966-11,Canada,2016A000011124,"Total, new motor vehicles","Total, country of manufacture",Units,Unadjusted,Units,300,units,0,v42169911,1.1.1.1.1,70220,,,,0
1966-12,Canada,2016A000011124,"Total, new motor vehicles","Total, country of manufacture",Units,Unadjusted,Units,300,units,0,v42169911,1.1.1.1.1,66763,,,,0
1967-01,Canada,2016A000011124,"Total, new motor vehicles","Total, country of manufacture",Units,Unadjusted,Units,300,units,0,v42169911,1.1.1.1.1,54941,,,,0
1967-02,Canada,2016A000011124,"Total, new motor vehicles","Total, country of manufacture",Units,Unadjusted,Units,300,units,0,v42169911,1.1.1.1.1,54701,,,,0
1967-03,Canada,2016A000011124,"Total, new motor vehicles","Total, country of manufacture",Units,Unadjusted,Units,300,units,0,v42169911,1.1.1.1.1,82782,,,,0
1967-04,Canada,2016A000011124,"Total, new motor vehicles","Total, country of manufacture",Units,Unadjusted,Units,300,units,0,v42169911,1.1.1.1.1,78532,,,,0
1967-05,Canada,2016A000011124,"Total, new motor vehicles","Total, country of manufacture",Units,Unadjusted,Units,300,units,0,v42169911,1.1.1.1.1,96953,,,,0
1967-06,Canada,2016A000011124,"Total, new motor vehicles","Total, country of manufacture",Units,Unadjusted,Units,300,units,0,v42169911,1.1.1.1.1,90108,,,,0
1967-07,Canada,2016A000011124,"Total, new motor vehicles","Total, country of manufacture",Units,Unadjusted,Units,300,units,0,v42169911,1.1.1.1.1,57781,,,,0
1967-08,Canada,2016A000011124,"Total, new motor vehicles","Total, country of manufacture",Units,Unadjusted,Units,300,units,0,v42169911,1.1.1.1.1,55704,,,,0
1967-09,Canada,2016A000011124,"Total, new motor vehicles","Total, country of manufacture",Units,Unadjusted,Units,300,units,0,v42169911,1.1.1.1.1,52948,,,,0
1967-10,Canada,2016A000011124,"Total, new motor vehicles","Total, country of manufacture",Units,Unadjusted,Units,300,units,0,v42169911,1.1.1.1.1,66680,,,,0
1967-11,Canada,2016A000011124,"Total, new motor vehicles","Total, country of manufacture",Units,Unadjusted,Units,300,units,0,v42169911,1.1.1.1.1,64674,,,,0
1967-12,Canada,2016A000011124,"Total, new motor vehicles","Total, country of manufacture",Units,Unadjusted,Units,300,units,0,v42169911,1.1.1.1.1,59503,,,,0
1968-01,Canada,2016A000011124,"Total, new motor vehicles","Total, country of manufacture",Units,Unadjusted,Units,300,units,0,v42169911,1.1.1.1.1,59204,,,,0
1968-02,Canada,2016A000011124,"Total, new motor vehicles","Total, country of manufacture",Units,Unadjusted,Units,300,units,0,v42169911,1.1.1.1.1,60172,,,,0
1968-03,Canada,2016A000011124,"Total, new motor vehicles","Total, country of manufacture",Units,Unadjusted,Units,300,units,0,v42169911,1.1.1.1.1,80442,,,,0
1968-04,Canada,2016A000011124,"Total, new motor vehicles","Total, country of manufacture",Units,Unadjusted,Units,300,units,0,v42169911,1.1.1.1.1,78644,,,,0
1968-05,Canada,2016A000011124,"Total, new motor vehicles","Total, country of manufacture",Units,Unadjusted,Units,300,units,0,v42169911,1.1.1.1.1,96556,,,,0
1968-06,Canada,2016A000011124,"Total, new motor vehicles","Total, country of manufacture",Units,Unadjusted,Units,300,units,0,v42169911,1.1.1.1.1,84240,,,,0
1968-07,Canada,2016A000011124,"Total, new motor vehicles","Total, country of manufacture",Units,Unadjusted,Units,300,units,0,v42169911,1.1.1.1.1,74582,,,,0
1968-08,Canada,2016A000011124,"Total, new motor vehicles","Total, country of manufacture",Units,Unadjusted,Units,300,units,0,v42169911,1.1.1.1.1,65477,,,,0
1968-09,Canada,2016A000011124,"Total, new motor vehicles","Total, country of manufacture",Units,Unadjusted,Units,300,units,0,v42169911,1.1.1.1.1,57605,,,,0
1968-10,Canada,2016A000011124,"Total, new motor vehicles","Total, country of manufacture",Units,Unadjusted,Units,300,units,0,v42169911,1.1.1.1.1,87356,,,,0
1968-11,Canada,2016A000011124,"Total, new motor vehicles","Total, country of manufacture",Units,Unadjusted,Units,300,units,0,v42169911,1.1.1.1.1,76399,,,,0
1968-12,Canada,2016A000011124,"Total, new motor vehicles","Total, country of manufacture",Units,Unadjusted,Units,300,units,0,v42169911,1.1.1.1.1,68776,,,,0
1969-01,Canada,2016A000011124,"Total, new motor vehicles","Total, country of manufacture",Units,Unadjusted,Units,300,units,0,v42169911,1.1.1.1.1,62469,,,,0
1969-02,Canada,2016A000011124,"Total, new motor vehicles","Total, country of manufacture",Units,Unadjusted,Units,300,units,0,v42169911,1.1.1.1.1,69365,,,,0
1969-03,Canada,2016A000011124,"Total, new motor vehicles","Total, country of manufacture",Units,Unadjusted,Units,300,units,0,v42169911,1.1.1.1.1,86696,,,,0
1969-04,Canada,2016A000011124,"Total, new motor vehicles","Total, country of manufacture",Units,Unadjusted,Units,300,units,0,v42169911,1.1.1.1.1,93521,,,,0
1969-05,Canada,2016A000011124,"Total, new motor vehicles","Total, country of manufacture",Units,Unadjusted,Units,300,units,0,v42169911,1.1.1.1.1,93636,,,,0
1969-06,Canada,2016A000011124,"Total, new motor vehicles","Total, country of manufacture",Units,Unadjusted,Units,300,units,0,v42169911,1.1.1.1.1,88141,,,,0
1969-07,Canada,2016A000011124,"Total, new motor vehicles","Total, country of manufacture",Units,Unadjusted,Units,300,units,0,v42169911,1.1.1.1.1,69489,,,,0
1969-08,Canada,2016A000011124,"Total, new motor vehicles","Total, country of manufacture",Units,Unadjusted,Units,300,units,0,v42169911,1.1.1.1.1,56072,,,,0
1969-09,Canada,2016A000011124,"Total, new motor vehicles","Total, country of manufacture",Units,Unadjusted,Units,300,units,0,v42169911,1.1.1.1.1,74300,,,,0
1969-10,Canada,2016A000011124,"Total, new motor vehicles","Total, country of manufacture",Units,Unadjusted,Units,300,units,0,v42169911,1.1.1.1.1,86020,,,,0
1969-11,Canada,2016A000011124,"Total, new motor vehicles","Total, country of manufacture",Units,Unadjusted,Units,300,units,0,v42169911,1.1.1.1.1,76605,,,,0
1969-12,Canada,2016A000011124,"Total, new motor vehicles","Total, country of manufacture",Units,Unadjusted,Units,300,units,0,v42169911,1.1.1.1.1,61191,,,,0
1970-01,Canada,2016A000011124,"Total, new motor vehicles","Total, country of manufacture",Units,Unadjusted,Units,300,units,0,v42169911,1.1.1.1.1,49501,,,,0
1970-02,Canada,2016A000011124,"Total, new motor vehicles","Total, country of manufacture",Units,Unadjusted,Units,300,units,0,v42169911,1.1.1.1.1,51089,,,,0
1970-03,Canada,2016A000011124,"Total, new motor vehicles","Total, country of manufacture",Units,Unadjusted,Units,300,units,0,v42169911,1.1.1.1.1,71793,,,,0
1970-04,Canada,2016A000011124,"Total, new motor vehicles","Total, country of manufacture",Units,Unadjusted,Units,300,units,0,v42169911,1.1.1.1.1,78059,,,,0
1970-05,Canada,2016A000011124,"Total, new motor vehicles","Total, country of manufacture",Units,Unadjusted,Units,300,units,0,v42169911,1.1.1.1.1,79677,,,,0
1970-06,Canada,2016A000011124,"Total, new motor vehicles","Total, country of manufacture",Units,Unadjusted,Units,300,units,0,v42169911,1.1.1.1.1,83167,,,,0
1970-07,Canada,2016A000011124,"Total, new motor vehicles","Total, country of manufacture",Units,Unadjusted,Units,300,units,0,v42169911,1.1.1.1.1,65465,,,,0
1970-08,Canada,2016A000011124,"Total, new motor vehicles","Total, country of manufacture",Units,Unadjusted,Units,300,units,0,v42169911,1.1.1.1.1,53562,,,,0
1970-09,Canada,2016A000011124,"Total, new motor vehicles","Total, country of manufacture",Units,Unadjusted,Units,300,units,0,v42169911,1.1.1.1.1,58936,,,,0
1970-10,Canada,2016A000011124,"Total, new motor vehicles","Total, country of manufacture",Units,Unadjusted,Units,300,units,0,v42169911,1.1.1.1.1,79635,,,,0
1970-11,Canada,2016A000011124,"Total, new motor vehicles","Total, country of manufacture",Units,Unadjusted,Units,300,units,0,v42169911,1.1.1.1.1,57240,,,,0
1970-12,Canada,2016A000011124,"Total, new motor vehicles","Total, country of manufacture",Units,Unadjusted,Units,300,units,0,v42169911,1.1.1.1.1,46117,,,,0
1971-01,Canada,2016A000011124,"Total, new motor vehicles","Total, country of manufacture",Units,Unadjusted,Units,300,units,0,v42169911,1.1.1.1.1,41617,,,,0
1971-02,Canada,2016A000011124,"Total, new motor vehicles","Total, country of manufacture",Units,Unadjusted,Units,300,units,0,v42169911,1.1.1.1.1,54905,,,,0
1971-03,Canada,2016A000011124,"Total, new motor vehicles","Total, country of manufacture",Units,Unadjusted,Units,300,units,0,v42169911,1.1.1.1.1,83033,,,,0
1971-04,Canada,2016A000011124,"Total, new motor vehicles","Total, country of manufacture",Units,Unadjusted,Units,300,units,0,v42169911,1.1.1.1.1,97321,,,,0
1971-05,Canada,2016A000011124,"Total, new motor vehicles","Total, country of manufacture",Units,Unadjusted,Units,300,units,0,v42169911,1.1.1.1.1,102309,,,,0
1971-06,Canada,2016A000011124,"Total, new motor vehicles","Total, country of manufacture",Units,Unadjusted,Units,300,units,0,v42169911,1.1.1.1.1,95455,,,,0
1971-07,Canada,2016A000011124,"Total, new motor vehicles","Total, country of manufacture",Units,Unadjusted,Units,300,units,0,v42169911,1.1.1.1.1,74154,,,,0
1971-08,Canada,2016A000011124,"Total, new motor vehicles","Total, country of manufacture",Units,Unadjusted,Units,300,units,0,v42169911,1.1.1.1.1,60841,,,,0
1971-09,Canada,2016A000011124,"Total, new motor vehicles","Total, country of manufacture",Units,Unadjusted,Units,300,units,0,v42169911,1.1.1.1.1,79408,,,,0
1971-10,Canada,2016A000011124,"Total, new motor vehicles","Total, country of manufacture",Units,Unadjusted,Units,300,units,0,v42169911,1.1.1.1.1,96877,,,,0
1971-11,Canada,2016A000011124,"Total, new motor vehicles","Total, country of manufacture",Units,Unadjusted,Units,300,units,0,v42169911,1.1.1.1.1,85065,,,,0
1971-12,Canada,2016A000011124,"Total, new motor vehicles","Total, country of manufacture",Units,Unadjusted,Units,300,units,0,v42169911,1.1.1.1.1,69347,,,,0
1972-01,Canada,2016A000011124,"Total, new motor vehicles","Total, country of manufacture",Units,Unadjusted,Units,300,units,0,v42169911,1.1.1.1.1,57888,,,,0
1972-02,Canada,2016A000011124,"Total, new motor vehicles","Total, country of manufacture",Units,Unadjusted,Units,300,units,0,v42169911,1.1.1.1.1,68166,,,,0
1972-03,Canada,2016A000011124,"Total, new motor vehicles","Total, country of manufacture",Units,Unadjusted,Units,300,units,0,v42169911,1.1.1.1.1,91950,,,,0
1972-04,Canada,2016A000011124,"Total, new motor vehicles","Total, country of manufacture",Units,Unadjusted,Units,300,units,0,v42169911,1.1.1.1.1,95598,,,,0
1972-05,Canada,2016A000011124,"Total, new motor vehicles","Total, country of manufacture",Units,Unadjusted,Units,300,units,0,v42169911,1.1.1.1.1,127332,,,,0
1972-06,Canada,2016A000011124,"Total, new motor vehicles","Total, country of manufacture",Units,Unadjusted,Units,300,units,0,v42169911,1.1.1.1.1,112333,,,,0
1972-07,Canada,2016A000011124,"Total, new motor vehicles","Total, country of manufacture",Units,Unadjusted,Units,300,units,0,v42169911,1.1.1.1.1,81463,,,,0
1972-08,Canada,2016A000011124,"Total, new motor vehicles","Total, country of manufacture",Units,Unadjusted,Units,300,units,0,v42169911,1.1.1.1.1,72830,,,,0
1972-09,Canada,2016A000011124,"Total, new motor vehicles","Total, country of manufacture",Units,Unadjusted,Units,300,units,0,v42169911,1.1.1.1.1,76575,,,,0
1972-10,Canada,2016A000011124,"Total, new motor vehicles","Total, country of manufacture",Units,Unadjusted,Units,300,units,0,v42169911,1.1.1.1.1,110564,,,,0
1972-11,Canada,2016A000011124,"Total, new motor vehicles","Total, country of manufacture",Units,Unadjusted,Units,300,units,0,v42169911,1.1.1.1.1,97445,,,,0
1972-12,Canada,2016A000011124,"Total, new motor vehicles","Total, country of manufacture",Units,Unadjusted,Units,300,units,0,v42169911,1.1.1.1.1,73477,,,,0
1973-01,Canada,2016A000011124,"Total, new motor vehicles","Total, country of manufacture",Units,Unadjusted,Units,300,units,0,v42169911,1.1.1.1.1,75684,,,,0
1973-02,Canada,2016A000011124,"Total, new motor vehicles","Total, country of manufacture",Units,Unadjusted,Units,300,units,0,v42169911,1.1.1.1.1,85658,,,,0
1973-03,Canada,2016A000011124,"Total, new motor vehicles","Total, country of manufacture",Units,Unadjusted,Units,300,units,0,v42169911,1.1.1.1.1,132162,,,,0
1973-04,Canada,2016A000011124,"Total, new motor vehicles","Total, country of manufacture",Units,Unadjusted,Units,300,units,0,v42169911,1.1.1.1.1,129841,,,,0
1973-05,Canada,2016A000011124,"Total, new motor vehicles","Total, country of manufacture",Units,Unadjusted,Units,300,units,0,v42169911,1.1.1.1.1,128867,,,,0
1973-06,Canada,2016A000011124,"Total, new motor vehicles","Total, country of manufacture",Units,Unadjusted,Units,300,units,0,v42169911,1.1.1.1.1,125223,,,,0
1973-07,Canada,2016A000011124,"Total, new motor vehicles","Total, country of manufacture",Units,Unadjusted,Units,300,units,0,v42169911,1.1.1.1.1,89301,,,,0
1973-08,Canada,2016A000011124,"Total, new motor vehicles","Total, country of manufacture",Units,Unadjusted,Units,300,units,0,v42169911,1.1.1.1.1,85560,,,,0
1973-09,Canada,2016A000011124,"Total, new motor vehicles","Total, country of manufacture",Units,Unadjusted,Units,300,units,0,v42169911,1.1.1.1.1,83019,,,,0
1973-10,Canada,2016A000011124,"Total, new motor vehicles","Total, country of manufacture",Units,Unadjusted,Units,300,units,0,v42169911,1.1.1.1.1,116228,,,,0
1973-11,Canada,2016A000011124,"Total, new motor vehicles","Total, country of manufacture",Units,Unadjusted,Units,300,units,0,v42169911,1.1.1.1.1,100476,,,,0
1973-12,Canada,2016A000011124,"Total, new motor vehicles","Total, country of manufacture",Units,Unadjusted,Units,300,units,0,v42169911,1.1.1.1.1,74679,,,,0
1974-01,Canada,2016A000011124,"Total, new motor vehicles","Total, country of manufacture",Units,Unadjusted,Units,300,units,0,v42169911,1.1.1.1.1,88442,,,,0
1974-02,Canada,2016A000011124,"Total, new motor vehicles","Total, country of manufacture",Units,Unadjusted,Units,300,units,0,v42169911,1.1.1.1.1,89955,,,,0
1974-03,Canada,2016A000011124,"Total, new motor vehicles","Total, country of manufacture",Units,Unadjusted,Units,300,units,0,v42169911,1.1.1.1.1,106609,,,,0
1974-04,Canada,2016A000011124,"Total, new motor vehicles","Total, country of manufacture",Units,Unadjusted,Units,300,units,0,v42169911,1.1.1.1.1,124154,,,,0
1974-05,Canada,2016A000011124,"Total, new motor vehicles","Total, country of manufacture",Units,Unadjusted,Units,300,units,0,v42169911,1.1.1.1.1,150705,,,,0
1974-06,Canada,2016A000011124,"Total, new motor vehicles","Total, country of manufacture",Units,Unadjusted,Units,300,units,0,v42169911,1.1.1.1.1,127300,,,,0
1974-07,Canada,2016A000011124,"Total, new motor vehicles","Total, country of manufacture",Units,Unadjusted,Units,300,units,0,v42169911,1.1.1.1.1,112495,,,,0
1974-08,Canada,2016A000011124,"Total, new motor vehicles","Total, country of manufacture",Units,Unadjusted,Units,300,units,0,v42169911,1.1.1.1.1,104597,,,,0
1974-09,Canada,2016A000011124,"Total, new motor vehicles","Total, country of manufacture",Units,Unadjusted,Units,300,units,0,v42169911,1.1.1.1.1,85117,,,,0
1974-10,Canada,2016A000011124,"Total, new motor vehicles","Total, country of manufacture",Units,Unadjusted,Units,300,units,0,v42169911,1.1.1.1.1,108996,,,,0
1974-11,Canada,2016A000011124,"Total, new motor vehicles","Total, country of manufacture",Units,Unadjusted,Units,300,units,0,v42169911,1.1.1.1.1,83066,,,,0
1974-12,Canada,2016A000011124,"Total, new motor vehicles","Total, country of manufacture",Units,Unadjusted,Units,300,units,0,v42169911,1.1.1.1.1,67868,,,,0
1975-01,Canada,2016A000011124,"Total, new motor vehicles","Total, country of manufacture",Units,Unadjusted,Units,300,units,0,v42169911,1.1.1.1.1,73618,,,,0
1975-02,Canada,2016A000011124,"Total, new motor vehicles","Total, country of manufacture",Units,Unadjusted,Units,300,units,0,v42169911,1.1.1.1.1,91303,,,,0
1975-03,Canada,2016A000011124,"Total, new motor vehicles","Total, country of manufacture",Units,Unadjusted,Units,300,units,0,v42169911,1.1.1.1.1,101659,,,,0
1975-04,Canada,2016A000011124,"Total, new motor vehicles","Total, country of manufacture",Units,Unadjusted,Units,300,units,0,v42169911,1.1.1.1.1,122785,,,,0
1975-05,Canada,2016A000011124,"Total, new motor vehicles","Total, country of manufacture",Units,Unadjusted,Units,300,units,0,v42169911,1.1.1.1.1,133481,,,,0
1975-06,Canada,2016A000011124,"Total, new motor vehicles","Total, country of manufacture",Units,Unadjusted,Units,300,units,0,v42169911,1.1.1.1.1,132720,,,,0
1975-07,Canada,2016A000011124,"Total, new motor vehicles","Total, country of manufacture",Units,Unadjusted,Units,300,units,0,v42169911,1.1.1.1.1,112162,,,,0
1975-08,Canada,2016A000011124,"Total, new motor vehicles","Total, country of manufacture",Units,Unadjusted,Units,300,units,0,v42169911,1.1.1.1.1,99788,,,,0
1975-09,Canada,2016A000011124,"Total, new motor vehicles","Total, country of manufacture",Units,Unadjusted,Units,300,units,0,v42169911,1.1.1.1.1,89184,,,,0
1975-10,Canada,2016A000011124,"Total, new motor vehicles","Total, country of manufacture",Units,Unadjusted,Units,300,units,0,v42169911,1.1.1.1.1,134081,,,,0
1975-11,Canada,2016A000011124,"Total, new motor vehicles","Total, country of manufacture",Units,Unadjusted,Units,300,units,0,v42169911,1.1.1.1.1,113060,,,,0
1975-12,Canada,2016A000011124,"Total, new motor vehicles","Total, country of manufacture",Units,Unadjusted,Units,300,units,0,v42169911,1.1.1.1.1,112788,,,,0
1976-01,Canada,2016A000011124,"Total, new motor vehicles","Total, country of manufacture",Units,Unadjusted,Units,300,units,0,v42169911,1.1.1.1.1,70241,,,,0
1976-02,Canada,2016A000011124,"Total, new motor vehicles","Total, country of manufacture",Units,Unadjusted,Units,300,units,0,v42169911,1.1.1.1.1,82568,,,,0
1976-03,Canada,2016A000011124,"Total, new motor vehicles","Total, country of manufacture",Units,Unadjusted,Units,300,units,0,v42169911,1.1.1.1.1,114455,,,,0
1976-04,Canada,2016A000011124,"Total, new motor vehicles","Total, country of manufacture",Units,Unadjusted,Units,300,units,0,v42169911,1.1.1.1.1,135116,,,,0
1976-05,Canada,2016A000011124,"Total, new motor vehicles","Total, country of manufacture",Units,Unadjusted,Units,300,units,0,v42169911,1.1.1.1.1,138215,,,,0
1976-06,Canada,2016A000011124,"Total, new motor vehicles","Total, country of manufacture",Units,Unadjusted,Units,300,units,0,v42169911,1.1.1.1.1,140075,,,,0
1976-07,Canada,2016A000011124,"Total, new motor vehicles","Total, country of manufacture",Units,Unadjusted,Units,300,units,0,v42169911,1.1.1.1.1,107004,,,,0
1976-08,Canada,2016A000011124,"Total, new motor vehicles","Total, country of manufacture",Units,Unadjusted,Units,300,units,0,v42169911,1.1.1.1.1,95851,,,,0
1976-09,Canada,2016A000011124,"Total, new motor vehicles","Total, country of manufacture",Units,Unadjusted,Units,300,units,0,v42169911,1.1.1.1.1,73954,,,,0
1976-10,Canada,2016A000011124,"Total, new motor vehicles","Total, country of manufacture",Units,Unadjusted,Units,300,units,0,v42169911,1.1.1.1.1,138645,,,,0
1976-11,Canada,2016A000011124,"Total, new motor vehicles","Total, country of manufacture",Units,Unadjusted,Units,300,units,0,v42169911,1.1.1.1.1,102570,,,,0
1976-12,Canada,2016A000011124,"Total, new motor vehicles","Total, country of manufacture",Units,Unadjusted,Units,300,units,0,v42169911,1.1.1.1.1,92769,,,,0
1977-01,Canada,2016A000011124,"Total, new motor vehicles","Total, country of manufacture",Units,Unadjusted,Units,300,units,0,v42169911,1.1.1.1.1,93760,,,,0
1977-02,Canada,2016A000011124,"Total, new motor vehicles","Total, country of manufacture",Units,Unadjusted,Units,300,units,0,v42169911,1.1.1.1.1,97389,,,,0
1977-03,Canada,2016A000011124,"Total, new motor vehicles","Total, country of manufacture",Units,Unadjusted,Units,300,units,0,v42169911,1.1.1.1.1,128528,,,,0
1977-04,Canada,2016A000011124,"Total, new motor vehicles","Total, country of manufacture",Units,Unadjusted,Units,300,units,0,v42169911,1.1.1.1.1,127314,,,,0
1977-05,Canada,2016A000011124,"Total, new motor vehicles","Total, country of manufacture",Units,Unadjusted,Units,300,units,0,v42169911,1.1.1.1.1,139916,,,,0
1977-06,Canada,2016A000011124,"Total, new motor vehicles","Total, country of manufacture",Units,Unadjusted,Units,300,units,0,v42169911,1.1.1.1.1,135445,,,,0
1977-07,Canada,2016A000011124,"Total, new motor vehicles","Total, country of manufacture",Units,Unadjusted,Units,300,units,0,v42169911,1.1.1.1.1,108760,,,,0
1977-08,Canada,2016A000011124,"Total, new motor vehicles","Total, country of manufacture",Units,Unadjusted,Units,300,units,0,v42169911,1.1.1.1.1,107668,,,,0
1977-09,Canada,2016A000011124,"Total, new motor vehicles","Total, country of manufacture",Units,Unadjusted,Units,300,units,0,v42169911,1.1.1.1.1,87443,,,,0
1977-10,Canada,2016A000011124,"Total, new motor vehicles","Total, country of manufacture",Units,Unadjusted,Units,300,units,0,v42169911,1.1.1.1.1,131677,,,,0
1977-11,Canada,2016A000011124,"Total, new motor vehicles","Total, country of manufacture",Units,Unadjusted,Units,300,units,0,v42169911,1.1.1.1.1,107291,,,,0
1977-12,Canada,2016A000011124,"Total, new motor vehicles","Total, country of manufacture",Units,Unadjusted,Units,300,units,0,v42169911,1.1.1.1.1,79768,,,,0
1978-01,Canada,2016A000011124,"Total, new motor vehicles","Total, country of manufacture",Units,Unadjusted,Units,300,units,0,v42169911,1.1.1.1.1,84355,,,,0
1978-02,Canada,2016A000011124,"Total, new motor vehicles","Total, country of manufacture",Units,Unadjusted,Units,300,units,0,v42169911,1.1.1.1.1,96385,,,,0
1978-03,Canada,2016A000011124,"Total, new motor vehicles","Total, country of manufacture",Units,Unadjusted,Units,300,units,0,v42169911,1.1.1.1.1,121294,,,,0
1978-04,Canada,2016A000011124,"Total, new motor vehicles","Total, country of manufacture",Units,Unadjusted,Units,300,units,0,v42169911,1.1.1.1.1,136990,,,,0
1978-05,Canada,2016A000011124,"Total, new motor vehicles","Total, country of manufacture",Units,Unadjusted,Units,300,units,0,v42169911,1.1.1.1.1,151884,,,,0
1978-06,Canada,2016A000011124,"Total, new motor vehicles","Total, country of manufacture",Units,Unadjusted,Units,300,units,0,v42169911,1.1.1.1.1,147264,,,,0
1978-07,Canada,2016A000011124,"Total, new motor vehicles","Total, country of manufacture",Units,Unadjusted,Units,300,units,0,v42169911,1.1.1.1.1,115260,,,,0
1978-08,Canada,2016A000011124,"Total, new motor vehicles","Total, country of manufacture",Units,Unadjusted,Units,300,units,0,v42169911,1.1.1.1.1,108004,,,,0
1978-09,Canada,2016A000011124,"Total, new motor vehicles","Total, country of manufacture",Units,Unadjusted,Units,300,units,0,v42169911,1.1.1.1.1,109161,,,,0
1978-10,Canada,2016A000011124,"Total, new motor vehicles","Total, country of manufacture",Units,Unadjusted,Units,300,units,0,v42169911,1.1.1.1.1,125989,,,,0
1978-11,Canada,2016A000011124,"Total, new motor vehicles","Total, country of manufacture",Units,Unadjusted,Units,300,units,0,v42169911,1.1.1.1.1,95948,,,,0
1978-12,Canada,2016A000011124,"Total, new motor vehicles","Total, country of manufacture",Units,Unadjusted,Units,300,units,0,v42169911,1.1.1.1.1,74010,,,,0
1979-01,Canada,2016A000011124,"Total, new motor vehicles","Total, country of manufacture",Units,Unadjusted,Units,300,units,0,v42169911,1.1.1.1.1,88454,,,,0
1979-02,Canada,2016A000011124,"Total, new motor vehicles","Total, country of manufacture",Units,Unadjusted,Units,300,units,0,v42169911,1.1.1.1.1,99071,,,,0
1979-03,Canada,2016A000011124,"Total, new motor vehicles","Total, country of manufacture",Units,Unadjusted,Units,300,units,0,v42169911,1.1.1.1.1,136677,,,,0
1979-04,Canada,2016A000011124,"Total, new motor vehicles","Total, country of manufacture",Units,Unadjusted,Units,300,units,0,v42169911,1.1.1.1.1,132349,,,,0
1979-05,Canada,2016A000011124,"Total, new motor vehicles","Total, country of manufacture",Units,Unadjusted,Units,300,units,0,v42169911,1.1.1.1.1,151336,,,,0
1979-06,Canada,2016A000011124,"Total, new motor vehicles","Total, country of manufacture",Units,Unadjusted,Units,300,units,0,v42169911,1.1.1.1.1,143932,,,,0
1979-07,Canada,2016A000011124,"Total, new motor vehicles","Total, country of manufacture",Units,Unadjusted,Units,300,units,0,v42169911,1.1.1.1.1,127559,,,,0
1979-08,Canada,2016A000011124,"Total, new motor vehicles","Total, country of manufacture",Units,Unadjusted,Units,300,units,0,v42169911,1.1.1.1.1,105117,,,,0
1979-09,Canada,2016A000011124,"Total, new motor vehicles","Total, country of manufacture",Units,Unadjusted,Units,300,units,0,v42169911,1.1.1.1.1,96957,,,,0
1979-10,Canada,2016A000011124,"Total, new motor vehicles","Total, country of manufacture",Units,Unadjusted,Units,300,units,0,v42169911,1.1.1.1.1,133204,,,,0
1979-11,Canada,2016A000011124,"Total, new motor vehicles","Total, country of manufacture",Units,Unadjusted,Units,300,units,0,v42169911,1.1.1.1.1,101694,,,,0
1979-12,Canada,2016A000011124,"Total, new motor vehicles","Total, country of manufacture",Units,Unadjusted,Units,300,units,0,v42169911,1.1.1.1.1,80052,,,,0
1980-01,Canada,2016A000011124,"Total, new motor vehicles","Total, country of manufacture",Units,Unadjusted,Units,300,units,0,v42169911,1.1.1.1.1,88737,,,,0
1980-02,Canada,2016A000011124,"Total, new motor vehicles","Total, country of manufacture",Units,Unadjusted,Units,300,units,0,v42169911,1.1.1.1.1,103816,,,,0
1980-03,Canada,2016A000011124,"Total, new motor vehicles","Total, country of manufacture",Units,Unadjusted,Units,300,units,0,v42169911,1.1.1.1.1,121444,,,,0
1980-04,Canada,2016A000011124,"Total, new motor vehicles","Total, country of manufacture",Units,Unadjusted,Units,300,units,0,v42169911,1.1.1.1.1,124471,,,,0
1980-05,Canada,2016A000011124,"Total, new motor vehicles","Total, country of manufacture",Units,Unadjusted,Units,300,units,0,v42169911,1.1.1.1.1,113501,,,,0
1980-06,Canada,2016A000011124,"Total, new motor vehicles","Total, country of manufacture",Units,Unadjusted,Units,300,units,0,v42169911,1.1.1.1.1,111875,,,,0
1980-07,Canada,2016A000011124,"Total, new motor vehicles","Total, country of manufacture",Units,Unadjusted,Units,300,units,0,v42169911,1.1.1.1.1,111767,,,,0
1980-08,Canada,2016A000011124,"Total, new motor vehicles","Total, country of manufacture",Units,Unadjusted,Units,300,units,0,v42169911,1.1.1.1.1,101023,,,,0
1980-09,Canada,2016A000011124,"Total, new motor vehicles","Total, country of manufacture",Units,Unadjusted,Units,300,units,0,v42169911,1.1.1.1.1,91811,,,,0
1980-10,Canada,2016A000011124,"Total, new motor vehicles","Total, country of manufacture",Units,Unadjusted,Units,300,units,0,v42169911,1.1.1.1.1,121463,,,,0
1980-11,Canada,2016A000011124,"Total, new motor vehicles","Total, country of manufacture",Units,Unadjusted,Units,300,units,0,v42169911,1.1.1.1.1,96041,,,,0
1980-12,Canada,2016A000011124,"Total, new motor vehicles","Total, country of manufacture",Units,Unadjusted,Units,300,units,0,v42169911,1.1.1.1.1,77858,,,,0
1981-01,Canada,2016A000011124,"Total, new motor vehicles","Total, country of manufacture",Units,Unadjusted,Units,300,units,0,v42169911,1.1.1.1.1,81814,,,,0
1981-02,Canada,2016A000011124,"Total, new motor vehicles","Total, country of manufacture",Units,Unadjusted,Units,300,units,0,v42169911,1.1.1.1.1,89402,,,,0
1981-03,Canada,2016A000011124,"Total, new motor vehicles","Total, country of manufacture",Units,Unadjusted,Units,300,units,0,v42169911,1.1.1.1.1,123273,,,,0
1981-04,Canada,2016A000011124,"Total, new motor vehicles","Total, country of manufacture",Units,Unadjusted,Units,300,units,0,v42169911,1.1.1.1.1,132117,,,,0
1981-05,Canada,2016A000011124,"Total, new motor vehicles","Total, country of manufacture",Units,Unadjusted,Units,300,units,0,v42169911,1.1.1.1.1,122053,,,,0
1981-06,Canada,2016A000011124,"Total, new motor vehicles","Total, country of manufacture",Units,Unadjusted,Units,300,units,0,v42169911,1.1.1.1.1,118796,,,,0
1981-07,Canada,2016A000011124,"Total, new motor vehicles","Total, country of manufacture",Units,Unadjusted,Units,300,units,0,v42169911,1.1.1.1.1,97008,,,,0
1981-08,Canada,2016A000011124,"Total, new motor vehicles","Total, country of manufacture",Units,Unadjusted,Units,300,units,0,v42169911,1.1.1.1.1,84545,,,,0
1981-09,Canada,2016A000011124,"Total, new motor vehicles","Total, country of manufacture",Units,Unadjusted,Units,300,units,0,v42169911,1.1.1.1.1,87515,,,,0
1981-10,Canada,2016A000011124,"Total, new motor vehicles","Total, country of manufacture",Units,Unadjusted,Units,300,units,0,v42169911,1.1.1.1.1,87398,,,,0
1981-11,Canada,2016A000011124,"Total, new motor vehicles","Total, country of manufacture",Units,Unadjusted,Units,300,units,0,v42169911,1.1.1.1.1,103231,,,,0
1981-12,Canada,2016A000011124,"Total, new motor vehicles","Total, country of manufacture",Units,Unadjusted,Units,300,units,0,v42169911,1.1.1.1.1,63730,,,,0
1982-01,Canada,2016A000011124,"Total, new motor vehicles","Total, country of manufacture",Units,Unadjusted,Units,300,units,0,v42169911,1.1.1.1.1,52526,,,,0
1982-02,Canada,2016A000011124,"Total, new motor vehicles","Total, country of manufacture",Units,Unadjusted,Units,300,units,0,v42169911,1.1.1.1.1,67804,,,,0
1982-03,Canada,2016A000011124,"Total, new motor vehicles","Total, country of manufacture",Units,Unadjusted,Units,300,units,0,v42169911,1.1.1.1.1,88437,,,,0
1982-04,Canada,2016A000011124,"Total, new motor vehicles","Total, country of manufacture",Units,Unadjusted,Units,300,units,0,v42169911,1.1.1.1.1,93849,,,,0
1982-05,Canada,2016A000011124,"Total, new motor vehicles","Total, country of manufacture",Units,Unadjusted,Units,300,units,0,v42169911,1.1.1.1.1,95250,,,,0
1982-06,Canada,2016A000011124,"Total, new motor vehicles","Total, country of manufacture",Units,Unadjusted,Units,300,units,0,v42169911,1.1.1.1.1,101337,,,,0
1982-07,Canada,2016A000011124,"Total, new motor vehicles","Total, country of manufacture",Units,Unadjusted,Units,300,units,0,v42169911,1.1.1.1.1,65076,,,,0
1982-08,Canada,2016A000011124,"Total, new motor vehicles","Total, country of manufacture",Units,Unadjusted,Units,300,units,0,v42169911,1.1.1.1.1,72186,,,,0
1982-09,Canada,2016A000011124,"Total, new motor vehicles","Total, country of manufacture",Units,Unadjusted,Units,300,units,0,v42169911,1.1.1.1.1,75973,,,,0
1982-10,Canada,2016A000011124,"Total, new motor vehicles","Total, country of manufacture",Units,Unadjusted,Units,300,units,0,v42169911,1.1.1.1.1,69496,,,,0
1982-11,Canada,2016A000011124,"Total, new motor vehicles","Total, country of manufacture",Units,Unadjusted,Units,300,units,0,v42169911,1.1.1.1.1,72150,,,,0
1982-12,Canada,2016A000011124,"Total, new motor vehicles","Total, country of manufacture",Units,Unadjusted,Units,300,units,0,v42169911,1.1.1.1.1,66818,,,,0
1983-01,Canada,2016A000011124,"Total, new motor vehicles","Total, country of manufacture",Units,Unadjusted,Units,300,units,0,v42169911,1.1.1.1.1,53005,,,,0
1983-02,Canada,2016A000011124,"Total, new motor vehicles","Total, country of manufacture",Units,Unadjusted,Units,300,units,0,v42169911,1.1.1.1.1,61693,,,,0
1983-03,Canada,2016A000011124,"Total, new motor vehicles","Total, country of manufacture",Units,Unadjusted,Units,300,units,0,v42169911,1.1.1.1.1,103466,,,,0
1983-04,Canada,2016A000011124,"Total, new motor vehicles","Total, country of manufacture",Units,Unadjusted,Units,300,units,0,v42169911,1.1.1.1.1,113007,,,,0
1983-05,Canada,2016A000011124,"Total, new motor vehicles","Total, country of manufacture",Units,Unadjusted,Units,300,units,0,v42169911,1.1.1.1.1,109377,,,,0
1983-06,Canada,2016A000011124,"Total, new motor vehicles","Total, country of manufacture",Units,Unadjusted,Units,300,units,0,v42169911,1.1.1.1.1,112812,,,,0
1983-07,Canada,2016A000011124,"Total, new motor vehicles","Total, country of manufacture",Units,Unadjusted,Units,300,units,0,v42169911,1.1.1.1.1,83221,,,,0
1983-08,Canada,2016A000011124,"Total, new motor vehicles","Total, country of manufacture",Units,Unadjusted,Units,300,units,0,v42169911,1.1.1.1.1,89636,,,,0
1983-09,Canada,2016A000011124,"Total, new motor vehicles","Total, country of manufacture",Units,Unadjusted,Units,300,units,0,v42169911,1.1.1.1.1,79869,,,,0
1983-10,Canada,2016A000011124,"Total, new motor vehicles","Total, country of manufacture",Units,Unadjusted,Units,300,units,0,v42169911,1.1.1.1.1,100117,,,,0
1983-11,Canada,2016A000011124,"Total, new motor vehicles","Total, country of manufacture",Units,Unadjusted,Units,300,units,0,v42169911,1.1.1.1.1,100686,,,,0
1983-12,Canada,2016A000011124,"Total, new motor vehicles","Total, country of manufacture",Units,Unadjusted,Units,300,units,0,v42169911,1.1.1.1.1,74199,,,,0
1984-01,Canada,2016A000011124,"Total, new motor vehicles","Total, country of manufacture",Units,Unadjusted,Units,300,units,0,v42169911,1.1.1.1.1,76960,,,,0
1984-02,Canada,2016A000011124,"Total, new motor vehicles","Total, country of manufacture",Units,Unadjusted,Units,300,units,0,v42169911,1.1.1.1.1,92391,,,,0
1984-03,Canada,2016A000011124,"Total, new motor vehicles","Total, country of manufacture",Units,Unadjusted,Units,300,units,0,v42169911,1.1.1.1.1,128129,,,,0
1984-04,Canada,2016A000011124,"Total, new motor vehicles","Total, country of manufacture",Units,Unadjusted,Units,300,units,0,v42169911,1.1.1.1.1,121377,,,,0
1984-05,Canada,2016A000011124,"Total, new motor vehicles","Total, country of manufacture",Units,Unadjusted,Units,300,units,0,v42169911,1.1.1.1.1,138643,,,,0
1984-06,Canada,2016A000011124,"Total, new motor vehicles","Total, country of manufacture",Units,Unadjusted,Units,300,units,0,v42169911,1.1.1.1.1,133057,,,,0
1984-07,Canada,2016A000011124,"Total, new motor vehicles","Total, country of manufacture",Units,Unadjusted,Units,300,units,0,v42169911,1.1.1.1.1,104721,,,,0
1984-08,Canada,2016A000011124,"Total, new motor vehicles","Total, country of manufacture",Units,Unadjusted,Units,300,units,0,v42169911,1.1.1.1.1,97471,,,,0
1984-09,Canada,2016A000011124,"Total, new motor vehicles","Total, country of manufacture",Units,Unadjusted,Units,300,units,0,v42169911,1.1.1.1.1,83367,,,,0
1984-10,Canada,2016A000011124,"Total, new motor vehicles","Total, country of manufacture",Units,Unadjusted,Units,300,units,0,v42169911,1.1.1.1.1,124301,,,,0
1984-11,Canada,2016A000011124,"Total, new motor vehicles","Total, country of manufacture",Units,Unadjusted,Units,300,units,0,v42169911,1.1.1.1.1,99942,,,,0
1984-12,Canada,2016A000011124,"Total, new motor vehicles","Total, country of manufacture",Units,Unadjusted,Units,300,units,0,v42169911,1.1.1.1.1,83143,,,,0
1985-01,Canada,2016A000011124,"Total, new motor vehicles","Total, country of manufacture",Units,Unadjusted,Units,300,units,0,v42169911,1.1.1.1.1,90229,,,,0
1985-02,Canada,2016A000011124,"Total, new motor vehicles","Total, country of manufacture",Units,Unadjusted,Units,300,units,0,v42169911,1.1.1.1.1,96909,,,,0
1985-03,Canada,2016A000011124,"Total, new motor vehicles","Total, country of manufacture",Units,Unadjusted,Units,300,units,0,v42169911,1.1.1.1.1,137726,,,,0
1985-04,Canada,2016A000011124,"Total, new motor vehicles","Total, country of manufacture",Units,Unadjusted,Units,300,units,0,v42169911,1.1.1.1.1,157681,,,,0
1985-05,Canada,2016A000011124,"Total, new motor vehicles","Total, country of manufacture",Units,Unadjusted,Units,300,units,0,v42169911,1.1.1.1.1,157040,,,,0
1985-06,Canada,2016A000011124,"Total, new motor vehicles","Total, country of manufacture",Units,Unadjusted,Units,300,units,0,v42169911,1.1.1.1.1,160505,,,,0
1985-07,Canada,2016A000011124,"Total, new motor vehicles","Total, country of manufacture",Units,Unadjusted,Units,300,units,0,v42169911,1.1.1.1.1,123904,,,,0
1985-08,Canada,2016A000011124,"Total, new motor vehicles","Total, country of manufacture",Units,Unadjusted,Units,300,units,0,v42169911,1.1.1.1.1,123717,,,,0
1985-09,Canada,2016A000011124,"Total, new motor vehicles","Total, country of manufacture",Units,Unadjusted,Units,300,units,0,v42169911,1.1.1.1.1,110420,,,,0
1985-10,Canada,2016A000011124,"Total, new motor vehicles","Total, country of manufacture",Units,Unadjusted,Units,300,units,0,v42169911,1.1.1.1.1,141971,,,,0
1985-11,Canada,2016A000011124,"Total, new motor vehicles","Total, country of manufacture",Units,Unadjusted,Units,300,units,0,v42169911,1.1.1.1.1,126132,,,,0
1985-12,Canada,2016A000011124,"Total, new motor vehicles","Total, country of manufacture",Units,Unadjusted,Units,300,units,0,v42169911,1.1.1.1.1,104176,,,,0
1986-01,Canada,2016A000011124,"Total, new motor vehicles","Total, country of manufacture",Units,Unadjusted,Units,300,units,0,v42169911,1.1.1.1.1,96988,,,,0
1986-02,Canada,2016A000011124,"Total, new motor vehicles","Total, country of manufacture",Units,Unadjusted,Units,300,units,0,v42169911,1.1.1.1.1,111312,,,,0
1986-03,Canada,2016A000011124,"Total, new motor vehicles","Total, country of manufacture",Units,Unadjusted,Units,300,units,0,v42169911,1.1.1.1.1,133481,,,,0
1986-04,Canada,2016A000011124,"Total, new motor vehicles","Total, country of manufacture",Units,Unadjusted,Units,300,units,0,v42169911,1.1.1.1.1,162234,,,,0
1986-05,Canada,2016A000011124,"Total, new motor vehicles","Total, country of manufacture",Units,Unadjusted,Units,300,units,0,v42169911,1.1.1.1.1,156923,,,,0
1986-06,Canada,2016A000011124,"Total, new motor vehicles","Total, country of manufacture",Units,Unadjusted,Units,300,units,0,v42169911,1.1.1.1.1,144047,,,,0
1986-07,Canada,2016A000011124,"Total, new motor vehicles","Total, country of manufacture",Units,Unadjusted,Units,300,units,0,v42169911,1.1.1.1.1,138513,,,,0
1986-08,Canada,2016A000011124,"Total, new motor vehicles","Total, country of manufacture",Units,Unadjusted,Units,300,units,0,v42169911,1.1.1.1.1,119181,,,,0
1986-09,Canada,2016A000011124,"Total, new motor vehicles","Total, country of manufacture",Units,Unadjusted,Units,300,units,0,v42169911,1.1.1.1.1,118424,,,,0
1986-10,Canada,2016A000011124,"Total, new motor vehicles","Total, country of manufacture",Units,Unadjusted,Units,300,units,0,v42169911,1.1.1.1.1,128379,,,,0
1986-11,Canada,2016A000011124,"Total, new motor vehicles","Total, country of manufacture",Units,Unadjusted,Units,300,units,0,v42169911,1.1.1.1.1,105987,,,,0
1986-12,Canada,2016A000011124,"Total, new motor vehicles","Total, country of manufacture",Units,Unadjusted,Units,300,units,0,v42169911,1.1.1.1.1,100451,,,,0
1987-01,Canada,2016A000011124,"Total, new motor vehicles","Total, country of manufacture",Units,Unadjusted,Units,300,units,0,v42169911,1.1.1.1.1,83076,,,,0
1987-02,Canada,2016A000011124,"Total, new motor vehicles","Total, country of manufacture",Units,Unadjusted,Units,300,units,0,v42169911,1.1.1.1.1,101655,,,,0
1987-03,Canada,2016A000011124,"Total, new motor vehicles","Total, country of manufacture",Units,Unadjusted,Units,300,units,0,v42169911,1.1.1.1.1,146400,,,,0
1987-04,Canada,2016A000011124,"Total, new motor vehicles","Total, country of manufacture",Units,Unadjusted,Units,300,units,0,v42169911,1.1.1.1.1,168957,,,,0
1987-05,Canada,2016A000011124,"Total, new motor vehicles","Total, country of manufacture",Units,Unadjusted,Units,300,units,0,v42169911,1.1.1.1.1,149223,,,,0
1987-06,Canada,2016A000011124,"Total, new motor vehicles","Total, country of manufacture",Units,Unadjusted,Units,300,units,0,v42169911,1.1.1.1.1,164576,,,,0
1987-07,Canada,2016A000011124,"Total, new motor vehicles","Total, country of manufacture",Units,Unadjusted,Units,300,units,0,v42169911,1.1.1.1.1,121440,,,,0
1987-08,Canada,2016A000011124,"Total, new motor vehicles","Total, country of manufacture",Units,Unadjusted,Units,300,units,0,v42169911,1.1.1.1.1,122611,,,,0
1987-09,Canada,2016A000011124,"Total, new motor vehicles","Total, country of manufacture",Units,Unadjusted,Units,300,units,0,v42169911,1.1.1.1.1,113680,,,,0
1987-10,Canada,2016A000011124,"Total, new motor vehicles","Total, country of manufacture",Units,Unadjusted,Units,300,units,0,v42169911,1.1.1.1.1,137855,,,,0
1987-11,Canada,2016A000011124,"Total, new motor vehicles","Total, country of manufacture",Units,Unadjusted,Units,300,units,0,v42169911,1.1.1.1.1,121033,,,,0
1987-12,Canada,2016A000011124,"Total, new motor vehicles","Total, country of manufacture",Units,Unadjusted,Units,300,units,0,v42169911,1.1.1.1.1,103131,,,,0
1988-01,Canada,2016A000011124,"Total, new motor vehicles","Total, country of manufacture",Units,Unadjusted,Units,300,units,0,v42169911,1.1.1.1.1,89402,,,,0
1988-02,Canada,2016A000011124,"Total, new motor vehicles","Total, country of manufacture",Units,Unadjusted,Units,300,units,0,v42169911,1.1.1.1.1,103159,,,,0
1988-03,Canada,2016A000011124,"Total, new motor vehicles","Total, country of manufacture",Units,Unadjusted,Units,300,units,0,v42169911,1.1.1.1.1,161868,,,,0
1988-04,Canada,2016A000011124,"Total, new motor vehicles","Total, country of manufacture",Units,Unadjusted,Units,300,units,0,v42169911,1.1.1.1.1,159970,,,,0
1988-05,Canada,2016A000011124,"Total, new motor vehicles","Total, country of manufacture",Units,Unadjusted,Units,300,units,0,v42169911,1.1.1.1.1,170391,,,,0
1988-06,Canada,2016A000011124,"Total, new motor vehicles","Total, country of manufacture",Units,Unadjusted,Units,300,units,0,v42169911,1.1.1.1.1,150832,,,,0
1988-07,Canada,2016A000011124,"Total, new motor vehicles","Total, country of manufacture",Units,Unadjusted,Units,300,units,0,v42169911,1.1.1.1.1,123963,,,,0
1988-08,Canada,2016A000011124,"Total, new motor vehicles","Total, country of manufacture",Units,Unadjusted,Units,300,units,0,v42169911,1.1.1.1.1,129525,,,,0
1988-09,Canada,2016A000011124,"Total, new motor vehicles","Total, country of manufacture",Units,Unadjusted,Units,300,units,0,v42169911,1.1.1.1.1,116134,,,,0
1988-10,Canada,2016A000011124,"Total, new motor vehicles","Total, country of manufacture",Units,Unadjusted,Units,300,units,0,v42169911,1.1.1.1.1,131174,,,,0
1988-11,Canada,2016A000011124,"Total, new motor vehicles","Total, country of manufacture",Units,Unadjusted,Units,300,units,0,v42169911,1.1.1.1.1,122397,,,,0
1988-12,Canada,2016A000011124,"Total, new motor vehicles","Total, country of manufacture",Units,Unadjusted,Units,300,units,0,v42169911,1.1.1.1.1,106686,,,,0
1989-01,Canada,2016A000011124,"Total, new motor vehicles","Total, country of manufacture",Units,Unadjusted,Units,300,units,0,v42169911,1.1.1.1.1,84735,,,,0
1989-02,Canada,2016A000011124,"Total, new motor vehicles","Total, country of manufacture",Units,Unadjusted,Units,300,units,0,v42169911,1.1.1.1.1,99704,,,,0
1989-03,Canada,2016A000011124,"Total, new motor vehicles","Total, country of manufacture",Units,Unadjusted,Units,300,units,0,v42169911,1.1.1.1.1,136169,,,,0
1989-04,Canada,2016A000011124,"Total, new motor vehicles","Total, country of manufacture",Units,Unadjusted,Units,300,units,0,v42169911,1.1.1.1.1,174451,,,,0
1989-05,Canada,2016A000011124,"Total, new motor vehicles","Total, country of manufacture",Units,Unadjusted,Units,300,units,0,v42169911,1.1.1.1.1,173769,,,,0
1989-06,Canada,2016A000011124,"Total, new motor vehicles","Total, country of manufacture",Units,Unadjusted,Units,300,units,0,v42169911,1.1.1.1.1,141364,,,,0
1989-07,Canada,2016A000011124,"Total, new motor vehicles","Total, country of manufacture",Units,Unadjusted,Units,300,units,0,v42169911,1.1.1.1.1,109259,,,,0
1989-08,Canada,2016A000011124,"Total, new motor vehicles","Total, country of manufacture",Units,Unadjusted,Units,300,units,0,v42169911,1.1.1.1.1,121730,,,,0
1989-09,Canada,2016A000011124,"Total, new motor vehicles","Total, country of manufacture",Units,Unadjusted,Units,300,units,0,v42169911,1.1.1.1.1,115863,,,,0
1989-10,Canada,2016A000011124,"Total, new motor vehicles","Total, country of manufacture",Units,Unadjusted,Units,300,units,0,v42169911,1.1.1.1.1,123737,,,,0
1989-11,Canada,2016A000011124,"Total, new motor vehicles","Total, country of manufacture",Units,Unadjusted,Units,300,units,0,v42169911,1.1.1.1.1,113476,,,,0
1989-12,Canada,2016A000011124,"Total, new motor vehicles","Total, country of manufacture",Units,Unadjusted,Units,300,units,0,v42169911,1.1.1.1.1,89618,,,,0
1990-01,Canada,2016A000011124,"Total, new motor vehicles","Total, country of manufacture",Units,Unadjusted,Units,300,units,0,v42169911,1.1.1.1.1,91288,,,,0
1990-02,Canada,2016A000011124,"Total, new motor vehicles","Total, country of manufacture",Units,Unadjusted,Units,300,units,0,v42169911,1.1.1.1.1,88583,,,,0
1990-03,Canada,2016A000011124,"Total, new motor vehicles","Total, country of manufacture",Units,Unadjusted,Units,300,units,0,v42169911,1.1.1.1.1,139653,,,,0
1990-04,Canada,2016A000011124,"Total, new motor vehicles","Total, country of manufacture",Units,Unadjusted,Units,300,units,0,v42169911,1.1.1.1.1,134243,,,,0
1990-05,Canada,2016A000011124,"Total, new motor vehicles","Total, country of manufacture",Units,Unadjusted,Units,300,units,0,v42169911,1.1.1.1.1,148056,,,,0
1990-06,Canada,2016A000011124,"Total, new motor vehicles","Total, country of manufacture",Units,Unadjusted,Units,300,units,0,v42169911,1.1.1.1.1,136787,,,,0
1990-07,Canada,2016A000011124,"Total, new motor vehicles","Total, country of manufacture",Units,Unadjusted,Units,300,units,0,v42169911,1.1.1.1.1,110807,,,,0
1990-08,Canada,2016A000011124,"Total, new motor vehicles","Total, country of manufacture",Units,Unadjusted,Units,300,units,0,v42169911,1.1.1.1.1,109046,,,,0
1990-09,Canada,2016A000011124,"Total, new motor vehicles","Total, country of manufacture",Units,Unadjusted,Units,300,units,0,v42169911,1.1.1.1.1,93393,,,,0
1990-10,Canada,2016A000011124,"Total, new motor vehicles","Total, country of manufacture",Units,Unadjusted,Units,300,units,0,v42169911,1.1.1.1.1,106023,,,,0
1990-11,Canada,2016A000011124,"Total, new motor vehicles","Total, country of manufacture",Units,Unadjusted,Units,300,units,0,v42169911,1.1.1.1.1,89011,,,,0
1990-12,Canada,2016A000011124,"Total, new motor vehicles","Total, country of manufacture",Units,Unadjusted,Units,300,units,0,v42169911,1.1.1.1.1,70979,,,,0
1991-01,Canada,2016A000011124,"Total, new motor vehicles","Total, country of manufacture",Units,Unadjusted,Units,300,units,0,v42169911,1.1.1.1.1,83716,,,,0
1991-01,Canada,2016A000011124,"Total, new motor vehicles","Total, country of manufacture",Units,Seasonally adjusted,Units,300,units,0,v42169912,1.1.1.1.2,111003,,,TRUE,0
1991-02,Canada,2016A000011124,"Total, new motor vehicles","Total, country of manufacture",Units,Unadjusted,Units,300,units,0,v42169911,1.1.1.1.1,81299,,,,0
1991-02,Canada,2016A000011124,"Total, new motor vehicles","Total, country of manufacture",Units,Seasonally adjusted,Units,300,units,0,v42169912,1.1.1.1.2,106836,,,TRUE,0
1991-03,Canada,2016A000011124,"Total, new motor vehicles","Total, country of manufacture",Units,Unadjusted,Units,300,units,0,v42169911,1.1.1.1.1,109716,,,,0
1991-03,Canada,2016A000011124,"Total, new motor vehicles","Total, country of manufacture",Units,Seasonally adjusted,Units,300,units,0,v42169912,1.1.1.1.2,103252,,,TRUE,0
1991-04,Canada,2016A000011124,"Total, new motor vehicles","Total, country of manufacture",Units,Unadjusted,Units,300,units,0,v42169911,1.1.1.1.1,139820,,,,0
1991-04,Canada,2016A000011124,"Total, new motor vehicles","Total, country of manufacture",Units,Seasonally adjusted,Units,300,units,0,v42169912,1.1.1.1.2,107762,,,TRUE,0
1991-05,Canada,2016A000011124,"Total, new motor vehicles","Total, country of manufacture",Units,Unadjusted,Units,300,units,0,v42169911,1.1.1.1.1,146960,,,,0
1991-05,Canada,2016A000011124,"Total, new motor vehicles","Total, country of manufacture",Units,Seasonally adjusted,Units,300,units,0,v42169912,1.1.1.1.2,112212,,,TRUE,0
1991-06,Canada,2016A000011124,"Total, new motor vehicles","Total, country of manufacture",Units,Unadjusted,Units,300,units,0,v42169911,1.1.1.1.1,141662,,,,0
1991-06,Canada,2016A000011124,"Total, new motor vehicles","Total, country of manufacture",Units,Seasonally adjusted,Units,300,units,0,v42169912,1.1.1.1.2,119034,,,TRUE,0
1991-07,Canada,2016A000011124,"Total, new motor vehicles","Total, country of manufacture",Units,Unadjusted,Units,300,units,0,v42169911,1.1.1.1.1,123736,,,,0
1991-07,Canada,2016A000011124,"Total, new motor vehicles","Total, country of manufacture",Units,Seasonally adjusted,Units,300,units,0,v42169912,1.1.1.1.2,115687,,,TRUE,0
1991-08,Canada,2016A000011124,"Total, new motor vehicles","Total, country of manufacture",Units,Unadjusted,Units,300,units,0,v42169911,1.1.1.1.1,98964,,,,0
1991-08,Canada,2016A000011124,"Total, new motor vehicles","Total, country of manufacture",Units,Seasonally adjusted,Units,300,units,0,v42169912,1.1.1.1.2,104270,,,TRUE,0
1991-09,Canada,2016A000011124,"Total, new motor vehicles","Total, country of manufacture",Units,Unadjusted,Units,300,units,0,v42169911,1.1.1.1.1,103787,,,,0
1991-09,Canada,2016A000011124,"Total, new motor vehicles","Total, country of manufacture",Units,Seasonally adjusted,Units,300,units,0,v42169912,1.1.1.1.2,114152,,,TRUE,0
1991-10,Canada,2016A000011124,"Total, new motor vehicles","Total, country of manufacture",Units,Unadjusted,Units,300,units,0,v42169911,1.1.1.1.1,95686,,,,0
1991-10,Canada,2016A000011124,"Total, new motor vehicles","Total, country of manufacture",Units,Seasonally adjusted,Units,300,units,0,v42169912,1.1.1.1.2,94143,,,TRUE,0
1991-11,Canada,2016A000011124,"Total, new motor vehicles","Total, country of manufacture",Units,Unadjusted,Units,300,units,0,v42169911,1.1.1.1.1,88967,,,,0
1991-11,Canada,2016A000011124,"Total, new motor vehicles","Total, country of manufacture",Units,Seasonally adjusted,Units,300,units,0,v42169912,1.1.1.1.2,101265,,,TRUE,0
1991-12,Canada,2016A000011124,"Total, new motor vehicles","Total, country of manufacture",Units,Unadjusted,Units,300,units,0,v42169911,1.1.1.1.1,73477,,,,0
1991-12,Canada,2016A000011124,"Total, new motor vehicles","Total, country of manufacture",Units,Seasonally adjusted,Units,300,units,0,v42169912,1.1.1.1.2,98173,,,TRUE,0
1992-01,Canada,2016A000011124,"Total, new motor vehicles","Total, country of manufacture",Units,Unadjusted,Units,300,units,0,v42169911,1.1.1.1.1,79512,,,,0
1992-01,Canada,2016A000011124,"Total, new motor vehicles","Total, country of manufacture",Units,Seasonally adjusted,Units,300,units,0,v42169912,1.1.1.1.2,108752,,,TRUE,0
1992-02,Canada,2016A000011124,"Total, new motor vehicles","Total, country of manufacture",Units,Unadjusted,Units,300,units,0,v42169911,1.1.1.1.1,82293,,,,0
1992-02,Canada,2016A000011124,"Total, new motor vehicles","Total, country of manufacture",Units,Seasonally adjusted,Units,300,units,0,v42169912,1.1.1.1.2,104078,,,TRUE,0
1992-03,Canada,2016A000011124,"Total, new motor vehicles","Total, country of manufacture",Units,Unadjusted,Units,300,units,0,v42169911,1.1.1.1.1,110160,,,,0
1992-03,Canada,2016A000011124,"Total, new motor vehicles","Total, country of manufacture",Units,Seasonally adjusted,Units,300,units,0,v42169912,1.1.1.1.2,97788,,,TRUE,0
1992-04,Canada,2016A000011124,"Total, new motor vehicles","Total, country of manufacture",Units,Unadjusted,Units,300,units,0,v42169911,1.1.1.1.1,124848,,,,0
1992-04,Canada,2016A000011124,"Total, new motor vehicles","Total, country of manufacture",Units,Seasonally adjusted,Units,300,units,0,v42169912,1.1.1.1.2,100422,,,TRUE,0
1992-05,Canada,2016A000011124,"Total, new motor vehicles","Total, country of manufacture",Units,Unadjusted,Units,300,units,0,v42169911,1.1.1.1.1,125257,,,,0
1992-05,Canada,2016A000011124,"Total, new motor vehicles","Total, country of manufacture",Units,Seasonally adjusted,Units,300,units,0,v42169912,1.1.1.1.2,99294,,,TRUE,0
1992-06,Canada,2016A000011124,"Total, new motor vehicles","Total, country of manufacture",Units,Unadjusted,Units,300,units,0,v42169911,1.1.1.1.1,125177,,,,0
1992-06,Canada,2016A000011124,"Total, new motor vehicles","Total, country of manufacture",Units,Seasonally adjusted,Units,300,units,0,v42169912,1.1.1.1.2,100908,,,TRUE,0
1992-07,Canada,2016A000011124,"Total, new motor vehicles","Total, country of manufacture",Units,Unadjusted,Units,300,units,0,v42169911,1.1.1.1.1,110326,,,,0
1992-07,Canada,2016A000011124,"Total, new motor vehicles","Total, country of manufacture",Units,Seasonally adjusted,Units,300,units,0,v42169912,1.1.1.1.2,103438,,,TRUE,0
1992-08,Canada,2016A000011124,"Total, new motor vehicles","Total, country of manufacture",Units,Unadjusted,Units,300,units,0,v42169911,1.1.1.1.1,97489,,,,0
1992-08,Canada,2016A000011124,"Total, new motor vehicles","Total, country of manufacture",Units,Seasonally adjusted,Units,300,units,0,v42169912,1.1.1.1.2,104327,,,TRUE,0
1992-09,Canada,2016A000011124,"Total, new motor vehicles","Total, country of manufacture",Units,Unadjusted,Units,300,units,0,v42169911,1.1.1.1.1,103782,,,,0
1992-09,Canada,2016A000011124,"Total, new motor vehicles","Total, country of manufacture",Units,Seasonally adjusted,Units,300,units,0,v42169912,1.1.1.1.2,104462,,,TRUE,0
1992-10,Canada,2016A000011124,"Total, new motor vehicles","Total, country of manufacture",Units,Unadjusted,Units,300,units,0,v42169911,1.1.1.1.1,96567,,,,0
1992-10,Canada,2016A000011124,"Total, new motor vehicles","Total, country of manufacture",Units,Seasonally adjusted,Units,300,units,0,v42169912,1.1.1.1.2,98768,,,TRUE,0
1992-11,Canada,2016A000011124,"Total, new motor vehicles","Total, country of manufacture",Units,Unadjusted,Units,300,units,0,v42169911,1.1.1.1.1,88063,,,,0
1992-11,Canada,2016A000011124,"Total, new motor vehicles","Total, country of manufacture",Units,Seasonally adjusted,Units,300,units,0,v42169912,1.1.1.1.2,101523,,,TRUE,0
1992-12,Canada,2016A000011124,"Total, new motor vehicles","Total, country of manufacture",Units,Unadjusted,Units,300,units,0,v42169911,1.1.1.1.1,83945,,,,0
1992-12,Canada,2016A000011124,"Total, new motor vehicles","Total, country of manufacture",Units,Seasonally adjusted,Units,300,units,0,v42169912,1.1.1.1.2,103660,,,TRUE,0
1993-01,Canada,2016A000011124,"Total, new motor vehicles","Total, country of manufacture",Units,Unadjusted,Units,300,units,0,v42169911,1.1.1.1.1,68290,,,,0
1993-01,Canada,2016A000011124,"Total, new motor vehicles","Total, country of manufacture",Units,Seasonally adjusted,Units,300,units,0,v42169912,1.1.1.1.2,96223,,,TRUE,0
1993-02,Canada,2016A000011124,"Total, new motor vehicles","Total, country of manufacture",Units,Unadjusted,Units,300,units,0,v42169911,1.1.1.1.1,68765,,,,0
1993-02,Canada,2016A000011124,"Total, new motor vehicles","Total, country of manufacture",Units,Seasonally adjusted,Units,300,units,0,v42169912,1.1.1.1.2,89896,,,TRUE,0
1993-03,Canada,2016A000011124,"Total, new motor vehicles","Total, country of manufacture",Units,Unadjusted,Units,300,units,0,v42169911,1.1.1.1.1,113520,,,,0
1993-03,Canada,2016A000011124,"Total, new motor vehicles","Total, country of manufacture",Units,Seasonally adjusted,Units,300,units,0,v42169912,1.1.1.1.2,99346,,,TRUE,0
1993-04,Canada,2016A000011124,"Total, new motor vehicles","Total, country of manufacture",Units,Unadjusted,Units,300,units,0,v42169911,1.1.1.1.1,123786,,,,0
1993-04,Canada,2016A000011124,"Total, new motor vehicles","Total, country of manufacture",Units,Seasonally adjusted,Units,300,units,0,v42169912,1.1.1.1.2,102949,,,TRUE,0
1993-05,Canada,2016A000011124,"Total, new motor vehicles","Total, country of manufacture",Units,Unadjusted,Units,300,units,0,v42169911,1.1.1.1.1,128404,,,,0
1993-05,Canada,2016A000011124,"Total, new motor vehicles","Total, country of manufacture",Units,Seasonally adjusted,Units,300,units,0,v42169912,1.1.1.1.2,102089,,,TRUE,0
1993-06,Canada,2016A000011124,"Total, new motor vehicles","Total, country of manufacture",Units,Unadjusted,Units,300,units,0,v42169911,1.1.1.1.1,119001,,,,0
1993-06,Canada,2016A000011124,"Total, new motor vehicles","Total, country of manufacture",Units,Seasonally adjusted,Units,300,units,0,v42169912,1.1.1.1.2,95307,,,TRUE,0
1993-07,Canada,2016A000011124,"Total, new motor vehicles","Total, country of manufacture",Units,Unadjusted,Units,300,units,0,v42169911,1.1.1.1.1,107933,,,,0
1993-07,Canada,2016A000011124,"Total, new motor vehicles","Total, country of manufacture",Units,Seasonally adjusted,Units,300,units,0,v42169912,1.1.1.1.2,102466,,,TRUE,0
1993-08,Canada,2016A000011124,"Total, new motor vehicles","Total, country of manufacture",Units,Unadjusted,Units,300,units,0,v42169911,1.1.1.1.1,96017,,,,0
1993-08,Canada,2016A000011124,"Total, new motor vehicles","Total, country of manufacture",Units,Seasonally adjusted,Units,300,units,0,v42169912,1.1.1.1.2,101526,,,TRUE,0
1993-09,Canada,2016A000011124,"Total, new motor vehicles","Total, country of manufacture",Units,Unadjusted,Units,300,units,0,v42169911,1.1.1.1.1,94832,,,,0
1993-09,Canada,2016A000011124,"Total, new motor vehicles","Total, country of manufacture",Units,Seasonally adjusted,Units,300,units,0,v42169912,1.1.1.1.2,96354,,,TRUE,0
1993-10,Canada,2016A000011124,"Total, new motor vehicles","Total, country of manufacture",Units,Unadjusted,Units,300,units,0,v42169911,1.1.1.1.1,95386,,,,0
1993-10,Canada,2016A000011124,"Total, new motor vehicles","Total, country of manufacture",Units,Seasonally adjusted,Units,300,units,0,v42169912,1.1.1.1.2,102201,,,TRUE,0
1993-11,Canada,2016A000011124,"Total, new motor vehicles","Total, country of manufacture",Units,Unadjusted,Units,300,units,0,v42169911,1.1.1.1.1,94665,,,,0
1993-11,Canada,2016A000011124,"Total, new motor vehicles","Total, country of manufacture",Units,Seasonally adjusted,Units,300,units,0,v42169912,1.1.1.1.2,103357,,,TRUE,0
1993-12,Canada,2016A000011124,"Total, new motor vehicles","Total, country of manufacture",Units,Unadjusted,Units,300,units,0,v42169911,1.1.1.1.1,82335,,,,0
1993-12,Canada,2016A000011124,"Total, new motor vehicles","Total, country of manufacture",Units,Seasonally adjusted,Units,300,units,0,v42169912,1.1.1.1.2,101221,,,TRUE,0
1994-01,Canada,2016A000011124,"Total, new motor vehicles","Total, country of manufacture",Units,Unadjusted,Units,300,units,0,v42169911,1.1.1.1.1,76528,,,,0
1994-01,Canada,2016A000011124,"Total, new motor vehicles","Total, country of manufacture",Units,Seasonally adjusted,Units,300,units,0,v42169912,1.1.1.1.2,106087,,,TRUE,0
1994-02,Canada,2016A000011124,"Total, new motor vehicles","Total, country of manufacture",Units,Unadjusted,Units,300,units,0,v42169911,1.1.1.1.1,81981,,,,0
1994-02,Canada,2016A000011124,"Total, new motor vehicles","Total, country of manufacture",Units,Seasonally adjusted,Units,300,units,0,v42169912,1.1.1.1.2,105993,,,TRUE,0
1994-03,Canada,2016A000011124,"Total, new motor vehicles","Total, country of manufacture",Units,Unadjusted,Units,300,units,0,v42169911,1.1.1.1.1,123663,,,,0
1994-03,Canada,2016A000011124,"Total, new motor vehicles","Total, country of manufacture",Units,Seasonally adjusted,Units,300,units,0,v42169912,1.1.1.1.2,106994,,,TRUE,0
1994-04,Canada,2016A000011124,"Total, new motor vehicles","Total, country of manufacture",Units,Unadjusted,Units,300,units,0,v42169911,1.1.1.1.1,125672,,,,0
1994-04,Canada,2016A000011124,"Total, new motor vehicles","Total, country of manufacture",Units,Seasonally adjusted,Units,300,units,0,v42169912,1.1.1.1.2,108391,,,TRUE,0
1994-05,Canada,2016A000011124,"Total, new motor vehicles","Total, country of manufacture",Units,Unadjusted,Units,300,units,0,v42169911,1.1.1.1.1,135452,,,,0
1994-05,Canada,2016A000011124,"Total, new motor vehicles","Total, country of manufacture",Units,Seasonally adjusted,Units,300,units,0,v42169912,1.1.1.1.2,105802,,,TRUE,0
1994-06,Canada,2016A000011124,"Total, new motor vehicles","Total, country of manufacture",Units,Unadjusted,Units,300,units,0,v42169911,1.1.1.1.1,134896,,,,0
1994-06,Canada,2016A000011124,"Total, new motor vehicles","Total, country of manufacture",Units,Seasonally adjusted,Units,300,units,0,v42169912,1.1.1.1.2,108122,,,TRUE,0
1994-07,Canada,2016A000011124,"Total, new motor vehicles","Total, country of manufacture",Units,Unadjusted,Units,300,units,0,v42169911,1.1.1.1.1,102422,,,,0
1994-07,Canada,2016A000011124,"Total, new motor vehicles","Total, country of manufacture",Units,Seasonally adjusted,Units,300,units,0,v42169912,1.1.1.1.2,103202,,,TRUE,0
1994-08,Canada,2016A000011124,"Total, new motor vehicles","Total, country of manufacture",Units,Unadjusted,Units,300,units,0,v42169911,1.1.1.1.1,93723,,,,0
1994-08,Canada,2016A000011124,"Total, new motor vehicles","Total, country of manufacture",Units,Seasonally adjusted,Units,300,units,0,v42169912,1.1.1.1.2,95822,,,TRUE,0
1994-09,Canada,2016A000011124,"Total, new motor vehicles","Total, country of manufacture",Units,Unadjusted,Units,300,units,0,v42169911,1.1.1.1.1,100080,,,,0
1994-09,Canada,2016A000011124,"Total, new motor vehicles","Total, country of manufacture",Units,Seasonally adjusted,Units,300,units,0,v42169912,1.1.1.1.2,105197,,,TRUE,0
1994-10,Canada,2016A000011124,"Total, new motor vehicles","Total, country of manufacture",Units,Unadjusted,Units,300,units,0,v42169911,1.1.1.1.1,103460,,,,0
1994-10,Canada,2016A000011124,"Total, new motor vehicles","Total, country of manufacture",Units,Seasonally adjusted,Units,300,units,0,v42169912,1.1.1.1.2,108510,,,TRUE,0
1994-11,Canada,2016A000011124,"Total, new motor vehicles","Total, country of manufacture",Units,Unadjusted,Units,300,units,0,v42169911,1.1.1.1.1,97197,,,,0
1994-11,Canada,2016A000011124,"Total, new motor vehicles","Total, country of manufacture",Units,Seasonally adjusted,Units,300,units,0,v42169912,1.1.1.1.2,104436,,,TRUE,0
1994-12,Canada,2016A000011124,"Total, new motor vehicles","Total, country of manufacture",Units,Unadjusted,Units,300,units,0,v42169911,1.1.1.1.1,84982,,,,0
1994-12,Canada,2016A000011124,"Total, new motor vehicles","Total, country of manufacture",Units,Seasonally adjusted,Units,300,units,0,v42169912,1.1.1.1.2,101500,,,TRUE,0
1995-01,Canada,2016A000011124,"Total, new motor vehicles","Total, country of manufacture",Units,Unadjusted,Units,300,units,0,v42169911,1.1.1.1.1,74721,,,,0
1995-01,Canada,2016A000011124,"Total, new motor vehicles","Total, country of manufacture",Units,Seasonally adjusted,Units,300,units,0,v42169912,1.1.1.1.2,101636,,,TRUE,0
1995-02,Canada,2016A000011124,"Total, new motor vehicles","Total, country of manufacture",Units,Unadjusted,Units,300,units,0,v42169911,1.1.1.1.1,76964,,,,0
1995-02,Canada,2016A000011124,"Total, new motor vehicles","Total, country of manufacture",Units,Seasonally adjusted,Units,300,units,0,v42169912,1.1.1.1.2,98050,,,TRUE,0
1995-03,Canada,2016A000011124,"Total, new motor vehicles","Total, country of manufacture",Units,Unadjusted,Units,300,units,0,v42169911,1.1.1.1.1,109830,,,,0
1995-03,Canada,2016A000011124,"Total, new motor vehicles","Total, country of manufacture",Units,Seasonally adjusted,Units,300,units,0,v42169912,1.1.1.1.2,96980,,,TRUE,0
1995-04,Canada,2016A000011124,"Total, new motor vehicles","Total, country of manufacture",Units,Unadjusted,Units,300,units,0,v42169911,1.1.1.1.1,102986,,,,0
1995-04,Canada,2016A000011124,"Total, new motor vehicles","Total, country of manufacture",Units,Seasonally adjusted,Units,300,units,0,v42169912,1.1.1.1.2,90723,,,TRUE,0
1995-05,Canada,2016A000011124,"Total, new motor vehicles","Total, country of manufacture",Units,Unadjusted,Units,300,units,0,v42169911,1.1.1.1.1,125381,,,,0
1995-05,Canada,2016A000011124,"Total, new motor vehicles","Total, country of manufacture",Units,Seasonally adjusted,Units,300,units,0,v42169912,1.1.1.1.2,94670,,,TRUE,0
1995-06,Canada,2016A000011124,"Total, new motor vehicles","Total, country of manufacture",Units,Unadjusted,Units,300,units,0,v42169911,1.1.1.1.1,122535,,,,0
1995-06,Canada,2016A000011124,"Total, new motor vehicles","Total, country of manufacture",Units,Seasonally adjusted,Units,300,units,0,v42169912,1.1.1.1.2,99654,,,TRUE,0
1995-07,Canada,2016A000011124,"Total, new motor vehicles","Total, country of manufacture",Units,Unadjusted,Units,300,units,0,v42169911,1.1.1.1.1,93041,,,,0
1995-07,Canada,2016A000011124,"Total, new motor vehicles","Total, country of manufacture",Units,Seasonally adjusted,Units,300,units,0,v42169912,1.1.1.1.2,94243,,,TRUE,0
1995-08,Canada,2016A000011124,"Total, new motor vehicles","Total, country of manufacture",Units,Unadjusted,Units,300,units,0,v42169911,1.1.1.1.1,98953,,,,0
1995-08,Canada,2016A000011124,"Total, new motor vehicles","Total, country of manufacture",Units,Seasonally adjusted,Units,300,units,0,v42169912,1.1.1.1.2,99777,,,TRUE,0
1995-09,Canada,2016A000011124,"Total, new motor vehicles","Total, country of manufacture",Units,Unadjusted,Units,300,units,0,v42169911,1.1.1.1.1,100351,,,,0
1995-09,Canada,2016A000011124,"Total, new motor vehicles","Total, country of manufacture",Units,Seasonally adjusted,Units,300,units,0,v42169912,1.1.1.1.2,105610,,,TRUE,0
1995-10,Canada,2016A000011124,"Total, new motor vehicles","Total, country of manufacture",Units,Unadjusted,Units,300,units,0,v42169911,1.1.1.1.1,94070,,,,0
1995-10,Canada,2016A000011124,"Total, new motor vehicles","Total, country of manufacture",Units,Seasonally adjusted,Units,300,units,0,v42169912,1.1.1.1.2,96364,,,TRUE,0
1995-11,Canada,2016A000011124,"Total, new motor vehicles","Total, country of manufacture",Units,Unadjusted,Units,300,units,0,v42169911,1.1.1.1.1,87890,,,,0
1995-11,Canada,2016A000011124,"Total, new motor vehicles","Total, country of manufacture",Units,Seasonally adjusted,Units,300,units,0,v42169912,1.1.1.1.2,93455,,,TRUE,0
1995-12,Canada,2016A000011124,"Total, new motor vehicles","Total, country of manufacture",Units,Unadjusted,Units,300,units,0,v42169911,1.1.1.1.1,79813,,,,0
1995-12,Canada,2016A000011124,"Total, new motor vehicles","Total, country of manufacture",Units,Seasonally adjusted,Units,300,units,0,v42169912,1.1.1.1.2,95373,,,TRUE,0
1996-01,Canada,2016A000011124,"Total, new motor vehicles","Total, country of manufacture",Units,Unadjusted,Units,300,units,0,v42169911,1.1.1.1.1,73765,,,,0
1996-01,Canada,2016A000011124,"Total, new motor vehicles","Total, country of manufacture",Units,Seasonally adjusted,Units,300,units,0,v42169912,1.1.1.1.2,96537,,,TRUE,0
1996-02,Canada,2016A000011124,"Total, new motor vehicles","Total, country of manufacture",Units,Unadjusted,Units,300,units,0,v42169911,1.1.1.1.1,81180,,,,0
1996-02,Canada,2016A000011124,"Total, new motor vehicles","Total, country of manufacture",Units,Seasonally adjusted,Units,300,units,0,v42169912,1.1.1.1.2,99094,,,TRUE,0
1996-03,Canada,2016A000011124,"Total, new motor vehicles","Total, country of manufacture",Units,Unadjusted,Units,300,units,0,v42169911,1.1.1.1.1,105370,,,,0
1996-03,Canada,2016A000011124,"Total, new motor vehicles","Total, country of manufacture",Units,Seasonally adjusted,Units,300,units,0,v42169912,1.1.1.1.2,96231,,,TRUE,0
1996-04,Canada,2016A000011124,"Total, new motor vehicles","Total, country of manufacture",Units,Unadjusted,Units,300,units,0,v42169911,1.1.1.1.1,104783,,,,0
1996-04,Canada,2016A000011124,"Total, new motor vehicles","Total, country of manufacture",Units,Seasonally adjusted,Units,300,units,0,v42169912,1.1.1.1.2,92624,,,TRUE,0
1996-05,Canada,2016A000011124,"Total, new motor vehicles","Total, country of manufacture",Units,Unadjusted,Units,300,units,0,v42169911,1.1.1.1.1,125989,,,,0
1996-05,Canada,2016A000011124,"Total, new motor vehicles","Total, country of manufacture",Units,Seasonally adjusted,Units,300,units,0,v42169912,1.1.1.1.2,96108,,,TRUE,0
1996-06,Canada,2016A000011124,"Total, new motor vehicles","Total, country of manufacture",Units,Unadjusted,Units,300,units,0,v42169911,1.1.1.1.1,122206,,,,0
1996-06,Canada,2016A000011124,"Total, new motor vehicles","Total, country of manufacture",Units,Seasonally adjusted,Units,300,units,0,v42169912,1.1.1.1.2,99984,,,TRUE,0
1996-07,Canada,2016A000011124,"Total, new motor vehicles","Total, country of manufacture",Units,Unadjusted,Units,300,units,0,v42169911,1.1.1.1.1,100108,,,,0
1996-07,Canada,2016A000011124,"Total, new motor vehicles","Total, country of manufacture",Units,Seasonally adjusted,Units,300,units,0,v42169912,1.1.1.1.2,98143,,,TRUE,0
1996-08,Canada,2016A000011124,"Total, new motor vehicles","Total, country of manufacture",Units,Unadjusted,Units,300,units,0,v42169911,1.1.1.1.1,94134,,,,0
1996-08,Canada,2016A000011124,"Total, new motor vehicles","Total, country of manufacture",Units,Seasonally adjusted,Units,300,units,0,v42169912,1.1.1.1.2,100037,,,TRUE,0
1996-09,Canada,2016A000011124,"Total, new motor vehicles","Total, country of manufacture",Units,Unadjusted,Units,300,units,0,v42169911,1.1.1.1.1,95276,,,,0
1996-09,Canada,2016A000011124,"Total, new motor vehicles","Total, country of manufacture",Units,Seasonally adjusted,Units,300,units,0,v42169912,1.1.1.1.2,101832,,,TRUE,0
1996-10,Canada,2016A000011124,"Total, new motor vehicles","Total, country of manufacture",Units,Unadjusted,Units,300,units,0,v42169911,1.1.1.1.1,108552,,,,0
1996-10,Canada,2016A000011124,"Total, new motor vehicles","Total, country of manufacture",Units,Seasonally adjusted,Units,300,units,0,v42169912,1.1.1.1.2,106736,,,TRUE,0
1996-11,Canada,2016A000011124,"Total, new motor vehicles","Total, country of manufacture",Units,Unadjusted,Units,300,units,0,v42169911,1.1.1.1.1,97327,,,,0
1996-11,Canada,2016A000011124,"Total, new motor vehicles","Total, country of manufacture",Units,Seasonally adjusted,Units,300,units,0,v42169912,1.1.1.1.2,106868,,,TRUE,0
1996-12,Canada,2016A000011124,"Total, new motor vehicles","Total, country of manufacture",Units,Unadjusted,Units,300,units,0,v42169911,1.1.1.1.1,95867,,,,0
1996-12,Canada,2016A000011124,"Total, new motor vehicles","Total, country of manufacture",Units,Seasonally adjusted,Units,300,units,0,v42169912,1.1.1.1.2,110364,,,TRUE,0
1997-01,Canada,2016A000011124,"Total, new motor vehicles","Total, country of manufacture",Units,Unadjusted,Units,300,units,0,v42169911,1.1.1.1.1,80002,,,,0
1997-01,Canada,2016A000011124,"Total, new motor vehicles","Total, country of manufacture",Units,Seasonally adjusted,Units,300,units,0,v42169912,1.1.1.1.2,106708,,,TRUE,0
1997-02,Canada,2016A000011124,"Total, new motor vehicles","Total, country of manufacture",Units,Unadjusted,Units,300,units,0,v42169911,1.1.1.1.1,89210,,,,0
1997-02,Canada,2016A000011124,"Total, new motor vehicles","Total, country of manufacture",Units,Seasonally adjusted,Units,300,units,0,v42169912,1.1.1.1.2,114962,,,TRUE,0
1997-03,Canada,2016A000011124,"Total, new motor vehicles","Total, country of manufacture",Units,Unadjusted,Units,300,units,0,v42169911,1.1.1.1.1,123276,,,,0
1997-03,Canada,2016A000011124,"Total, new motor vehicles","Total, country of manufacture",Units,Seasonally adjusted,Units,300,units,0,v42169912,1.1.1.1.2,118671,,,TRUE,0
1997-04,Canada,2016A000011124,"Total, new motor vehicles","Total, country of manufacture",Units,Unadjusted,Units,300,units,0,v42169911,1.1.1.1.1,135184,,,,0
1997-04,Canada,2016A000011124,"Total, new motor vehicles","Total, country of manufacture",Units,Seasonally adjusted,Units,300,units,0,v42169912,1.1.1.1.2,110978,,,TRUE,0
1997-05,Canada,2016A000011124,"Total, new motor vehicles","Total, country of manufacture",Units,Unadjusted,Units,300,units,0,v42169911,1.1.1.1.1,147753,,,,0
1997-05,Canada,2016A000011124,"Total, new motor vehicles","Total, country of manufacture",Units,Seasonally adjusted,Units,300,units,0,v42169912,1.1.1.1.2,116746,,,TRUE,0
1997-06,Canada,2016A000011124,"Total, new motor vehicles","Total, country of manufacture",Units,Unadjusted,Units,300,units,0,v42169911,1.1.1.1.1,136006,,,,0
1997-06,Canada,2016A000011124,"Total, new motor vehicles","Total, country of manufacture",Units,Seasonally adjusted,Units,300,units,0,v42169912,1.1.1.1.2,112537,,,TRUE,0
1997-07,Canada,2016A000011124,"Total, new motor vehicles","Total, country of manufacture",Units,Unadjusted,Units,300,units,0,v42169911,1.1.1.1.1,121096,,,,0
1997-07,Canada,2016A000011124,"Total, new motor vehicles","Total, country of manufacture",Units,Seasonally adjusted,Units,300,units,0,v42169912,1.1.1.1.2,118801,,,TRUE,0
1997-08,Canada,2016A000011124,"Total, new motor vehicles","Total, country of manufacture",Units,Unadjusted,Units,300,units,0,v42169911,1.1.1.1.1,111157,,,,0
1997-08,Canada,2016A000011124,"Total, new motor vehicles","Total, country of manufacture",Units,Seasonally adjusted,Units,300,units,0,v42169912,1.1.1.1.2,119719,,,TRUE,0
1997-09,Canada,2016A000011124,"Total, new motor vehicles","Total, country of manufacture",Units,Unadjusted,Units,300,units,0,v42169911,1.1.1.1.1,113716,,,,0
1997-09,Canada,2016A000011124,"Total, new motor vehicles","Total, country of manufacture",Units,Seasonally adjusted,Units,300,units,0,v42169912,1.1.1.1.2,113344,,,TRUE,0
1997-10,Canada,2016A000011124,"Total, new motor vehicles","Total, country of manufacture",Units,Unadjusted,Units,300,units,0,v42169911,1.1.1.1.1,118395,,,,0
1997-10,Canada,2016A000011124,"Total, new motor vehicles","Total, country of manufacture",Units,Seasonally adjusted,Units,300,units,0,v42169912,1.1.1.1.2,120859,,,TRUE,0
1997-11,Canada,2016A000011124,"Total, new motor vehicles","Total, country of manufacture",Units,Unadjusted,Units,300,units,0,v42169911,1.1.1.1.1,112385,,,,0
1997-11,Canada,2016A000011124,"Total, new motor vehicles","Total, country of manufacture",Units,Seasonally adjusted,Units,300,units,0,v42169912,1.1.1.1.2,125345,,,TRUE,0
1997-12,Canada,2016A000011124,"Total, new motor vehicles","Total, country of manufacture",Units,Unadjusted,Units,300,units,0,v42169911,1.1.1.1.1,136200,,,,0
1997-12,Canada,2016A000011124,"Total, new motor vehicles","Total, country of manufacture",Units,Seasonally adjusted,Units,300,units,0,v42169912,1.1.1.1.2,145708,,,TRUE,0
1998-01,Canada,2016A000011124,"Total, new motor vehicles","Total, country of manufacture",Units,Unadjusted,Units,300,units,0,v42169911,1.1.1.1.1,77409,,,,0
1998-01,Canada,2016A000011124,"Total, new motor vehicles","Total, country of manufacture",Units,Seasonally adjusted,Units,300,units,0,v42169912,1.1.1.1.2,105370,,,TRUE,0
1998-02,Canada,2016A000011124,"Total, new motor vehicles","Total, country of manufacture",Units,Unadjusted,Units,300,units,0,v42169911,1.1.1.1.1,86860,,,,0
1998-02,Canada,2016A000011124,"Total, new motor vehicles","Total, country of manufacture",Units,Seasonally adjusted,Units,300,units,0,v42169912,1.1.1.1.2,116369,,,TRUE,0
1998-03,Canada,2016A000011124,"Total, new motor vehicles","Total, country of manufacture",Units,Unadjusted,Units,300,units,0,v42169911,1.1.1.1.1,131463,,,,0
1998-03,Canada,2016A000011124,"Total, new motor vehicles","Total, country of manufacture",Units,Seasonally adjusted,Units,300,units,0,v42169912,1.1.1.1.2,118741,,,TRUE,0
1998-04,Canada,2016A000011124,"Total, new motor vehicles","Total, country of manufacture",Units,Unadjusted,Units,300,units,0,v42169911,1.1.1.1.1,140547,,,,0
1998-04,Canada,2016A000011124,"Total, new motor vehicles","Total, country of manufacture",Units,Seasonally adjusted,Units,300,units,0,v42169912,1.1.1.1.2,123784,,,TRUE,0
1998-05,Canada,2016A000011124,"Total, new motor vehicles","Total, country of manufacture",Units,Unadjusted,Units,300,units,0,v42169911,1.1.1.1.1,158144,,,,0
1998-05,Canada,2016A000011124,"Total, new motor vehicles","Total, country of manufacture",Units,Seasonally adjusted,Units,300,units,0,v42169912,1.1.1.1.2,129620,,,TRUE,0
1998-06,Canada,2016A000011124,"Total, new motor vehicles","Total, country of manufacture",Units,Unadjusted,Units,300,units,0,v42169911,1.1.1.1.1,152505,,,,0
1998-06,Canada,2016A000011124,"Total, new motor vehicles","Total, country of manufacture",Units,Seasonally adjusted,Units,300,units,0,v42169912,1.1.1.1.2,125218,,,TRUE,0
1998-07,Canada,2016A000011124,"Total, new motor vehicles","Total, country of manufacture",Units,Unadjusted,Units,300,units,0,v42169911,1.1.1.1.1,120549,,,,0
1998-07,Canada,2016A000011124,"Total, new motor vehicles","Total, country of manufacture",Units,Seasonally adjusted,Units,300,units,0,v42169912,1.1.1.1.2,120792,,,TRUE,0
1998-08,Canada,2016A000011124,"Total, new motor vehicles","Total, country of manufacture",Units,Unadjusted,Units,300,units,0,v42169911,1.1.1.1.1,110404,,,,0
1998-08,Canada,2016A000011124,"Total, new motor vehicles","Total, country of manufacture",Units,Seasonally adjusted,Units,300,units,0,v42169912,1.1.1.1.2,117069,,,TRUE,0
1998-09,Canada,2016A000011124,"Total, new motor vehicles","Total, country of manufacture",Units,Unadjusted,Units,300,units,0,v42169911,1.1.1.1.1,126952,,,,0
1998-09,Canada,2016A000011124,"Total, new motor vehicles","Total, country of manufacture",Units,Seasonally adjusted,Units,300,units,0,v42169912,1.1.1.1.2,120896,,,TRUE,0
1998-10,Canada,2016A000011124,"Total, new motor vehicles","Total, country of manufacture",Units,Unadjusted,Units,300,units,0,v42169911,1.1.1.1.1,109398,,,,0
1998-10,Canada,2016A000011124,"Total, new motor vehicles","Total, country of manufacture",Units,Seasonally adjusted,Units,300,units,0,v42169912,1.1.1.1.2,114639,,,TRUE,0
1998-11,Canada,2016A000011124,"Total, new motor vehicles","Total, country of manufacture",Units,Unadjusted,Units,300,units,0,v42169911,1.1.1.1.1,106440,,,,0
1998-11,Canada,2016A000011124,"Total, new motor vehicles","Total, country of manufacture",Units,Seasonally adjusted,Units,300,units,0,v42169912,1.1.1.1.2,120336,,,TRUE,0
1998-12,Canada,2016A000011124,"Total, new motor vehicles","Total, country of manufacture",Units,Unadjusted,Units,300,units,0,v42169911,1.1.1.1.1,108261,,,,0
1998-12,Canada,2016A000011124,"Total, new motor vehicles","Total, country of manufacture",Units,Seasonally adjusted,Units,300,units,0,v42169912,1.1.1.1.2,116098,,,TRUE,0
1999-01,Canada,2016A000011124,"Total, new motor vehicles","Total, country of manufacture",Units,Unadjusted,Units,300,units,0,v42169911,1.1.1.1.1,86790,,,,0
1999-01,Canada,2016A000011124,"Total, new motor vehicles","Total, country of manufacture",Units,Seasonally adjusted,Units,300,units,0,v42169912,1.1.1.1.2,120597,,,TRUE,0
1999-02,Canada,2016A000011124,"Total, new motor vehicles","Total, country of manufacture",Units,Unadjusted,Units,300,units,0,v42169911,1.1.1.1.1,90913,,,,0
1999-02,Canada,2016A000011124,"Total, new motor vehicles","Total, country of manufacture",Units,Seasonally adjusted,Units,300,units,0,v42169912,1.1.1.1.2,123232,,,TRUE,0
1999-03,Canada,2016A000011124,"Total, new motor vehicles","Total, country of manufacture",Units,Unadjusted,Units,300,units,0,v42169911,1.1.1.1.1,144526,,,,0
1999-03,Canada,2016A000011124,"Total, new motor vehicles","Total, country of manufacture",Units,Seasonally adjusted,Units,300,units,0,v42169912,1.1.1.1.2,125388,,,TRUE,0
1999-04,Canada,2016A000011124,"Total, new motor vehicles","Total, country of manufacture",Units,Unadjusted,Units,300,units,0,v42169911,1.1.1.1.1,142870,,,,0
1999-04,Canada,2016A000011124,"Total, new motor vehicles","Total, country of manufacture",Units,Seasonally adjusted,Units,300,units,0,v42169912,1.1.1.1.2,125199,,,TRUE,0
1999-05,Canada,2016A000011124,"Total, new motor vehicles","Total, country of manufacture",Units,Unadjusted,Units,300,units,0,v42169911,1.1.1.1.1,153101,,,,0
1999-05,Canada,2016A000011124,"Total, new motor vehicles","Total, country of manufacture",Units,Seasonally adjusted,Units,300,units,0,v42169912,1.1.1.1.2,124994,,,TRUE,0
1999-06,Canada,2016A000011124,"Total, new motor vehicles","Total, country of manufacture",Units,Unadjusted,Units,300,units,0,v42169911,1.1.1.1.1,156553,,,,0
1999-06,Canada,2016A000011124,"Total, new motor vehicles","Total, country of manufacture",Units,Seasonally adjusted,Units,300,units,0,v42169912,1.1.1.1.2,125581,,,TRUE,0
1999-07,Canada,2016A000011124,"Total, new motor vehicles","Total, country of manufacture",Units,Unadjusted,Units,300,units,0,v42169911,1.1.1.1.1,130047,,,,0
1999-07,Canada,2016A000011124,"Total, new motor vehicles","Total, country of manufacture",Units,Seasonally adjusted,Units,300,units,0,v42169912,1.1.1.1.2,130206,,,TRUE,0
1999-08,Canada,2016A000011124,"Total, new motor vehicles","Total, country of manufacture",Units,Unadjusted,Units,300,units,0,v42169911,1.1.1.1.1,125410,,,,0
1999-08,Canada,2016A000011124,"Total, new motor vehicles","Total, country of manufacture",Units,Seasonally adjusted,Units,300,units,0,v42169912,1.1.1.1.2,129127,,,TRUE,0
1999-09,Canada,2016A000011124,"Total, new motor vehicles","Total, country of manufacture",Units,Unadjusted,Units,300,units,0,v42169911,1.1.1.1.1,136298,,,,0
1999-09,Canada,2016A000011124,"Total, new motor vehicles","Total, country of manufacture",Units,Seasonally adjusted,Units,300,units,0,v42169912,1.1.1.1.2,130058,,,TRUE,0
1999-10,Canada,2016A000011124,"Total, new motor vehicles","Total, country of manufacture",Units,Unadjusted,Units,300,units,0,v42169911,1.1.1.1.1,120347,,,,0
1999-10,Canada,2016A000011124,"Total, new motor vehicles","Total, country of manufacture",Units,Seasonally adjusted,Units,300,units,0,v42169912,1.1.1.1.2,133686,,,TRUE,0
1999-11,Canada,2016A000011124,"Total, new motor vehicles","Total, country of manufacture",Units,Unadjusted,Units,300,units,0,v42169911,1.1.1.1.1,122625,,,,0
1999-11,Canada,2016A000011124,"Total, new motor vehicles","Total, country of manufacture",Units,Seasonally adjusted,Units,300,units,0,v42169912,1.1.1.1.2,133434,,,TRUE,0
1999-12,Canada,2016A000011124,"Total, new motor vehicles","Total, country of manufacture",Units,Unadjusted,Units,300,units,0,v42169911,1.1.1.1.1,132561,,,,0
1999-12,Canada,2016A000011124,"Total, new motor vehicles","Total, country of manufacture",Units,Seasonally adjusted,Units,300,units,0,v42169912,1.1.1.1.2,140539,,,TRUE,0
2000-01,Canada,2016A000011124,"Total, new motor vehicles","Total, country of manufacture",Units,Unadjusted,Units,300,units,0,v42169911,1.1.1.1.1,94001,,,,0
2000-01,Canada,2016A000011124,"Total, new motor vehicles","Total, country of manufacture",Units,Seasonally adjusted,Units,300,units,0,v42169912,1.1.1.1.2,130030,,,TRUE,0
2000-02,Canada,2016A000011124,"Total, new motor vehicles","Total, country of manufacture",Units,Unadjusted,Units,300,units,0,v42169911,1.1.1.1.1,98810,,,,0
2000-02,Canada,2016A000011124,"Total, new motor vehicles","Total, country of manufacture",Units,Seasonally adjusted,Units,300,units,0,v42169912,1.1.1.1.2,131177,,,TRUE,0
2000-03,Canada,2016A000011124,"Total, new motor vehicles","Total, country of manufacture",Units,Unadjusted,Units,300,units,0,v42169911,1.1.1.1.1,155496,,,,0
2000-03,Canada,2016A000011124,"Total, new motor vehicles","Total, country of manufacture",Units,Seasonally adjusted,Units,300,units,0,v42169912,1.1.1.1.2,135974,,,TRUE,0
2000-04,Canada,2016A000011124,"Total, new motor vehicles","Total, country of manufacture",Units,Unadjusted,Units,300,units,0,v42169911,1.1.1.1.1,147619,,,,0
2000-04,Canada,2016A000011124,"Total, new motor vehicles","Total, country of manufacture",Units,Seasonally adjusted,Units,300,units,0,v42169912,1.1.1.1.2,131686,,,TRUE,0
2000-05,Canada,2016A000011124,"Total, new motor vehicles","Total, country of manufacture",Units,Unadjusted,Units,300,units,0,v42169911,1.1.1.1.1,167225,,,,0
2000-05,Canada,2016A000011124,"Total, new motor vehicles","Total, country of manufacture",Units,Seasonally adjusted,Units,300,units,0,v42169912,1.1.1.1.2,131265,,,TRUE,0
2000-06,Canada,2016A000011124,"Total, new motor vehicles","Total, country of manufacture",Units,Unadjusted,Units,300,units,0,v42169911,1.1.1.1.1,160649,,,,0
2000-06,Canada,2016A000011124,"Total, new motor vehicles","Total, country of manufacture",Units,Seasonally adjusted,Units,300,units,0,v42169912,1.1.1.1.2,132642,,,TRUE,0
2000-07,Canada,2016A000011124,"Total, new motor vehicles","Total, country of manufacture",Units,Unadjusted,Units,300,units,0,v42169911,1.1.1.1.1,128960,,,,0
2000-07,Canada,2016A000011124,"Total, new motor vehicles","Total, country of manufacture",Units,Seasonally adjusted,Units,300,units,0,v42169912,1.1.1.1.2,132644,,,TRUE,0
2000-08,Canada,2016A000011124,"Total, new motor vehicles","Total, country of manufacture",Units,Unadjusted,Units,300,units,0,v42169911,1.1.1.1.1,141733,,,,0
2000-08,Canada,2016A000011124,"Total, new motor vehicles","Total, country of manufacture",Units,Seasonally adjusted,Units,300,units,0,v42169912,1.1.1.1.2,138255,,,TRUE,0
2000-09,Canada,2016A000011124,"Total, new motor vehicles","Total, country of manufacture",Units,Unadjusted,Units,300,units,0,v42169911,1.1.1.1.1,146361,,,,0
2000-09,Canada,2016A000011124,"Total, new motor vehicles","Total, country of manufacture",Units,Seasonally adjusted,Units,300,units,0,v42169912,1.1.1.1.2,142904,,,TRUE,0
2000-10,Canada,2016A000011124,"Total, new motor vehicles","Total, country of manufacture",Units,Unadjusted,Units,300,units,0,v42169911,1.1.1.1.1,112936,,,,0
2000-10,Canada,2016A000011124,"Total, new motor vehicles","Total, country of manufacture",Units,Seasonally adjusted,Units,300,units,0,v42169912,1.1.1.1.2,126789,,,TRUE,0
2000-11,Canada,2016A000011124,"Total, new motor vehicles","Total, country of manufacture",Units,Unadjusted,Units,300,units,0,v42169911,1.1.1.1.1,117609,,,,0
2000-11,Canada,2016A000011124,"Total, new motor vehicles","Total, country of manufacture",Units,Seasonally adjusted,Units,300,units,0,v42169912,1.1.1.1.2,127014,,,TRUE,0
2000-12,Canada,2016A000011124,"Total, new motor vehicles","Total, country of manufacture",Units,Unadjusted,Units,300,units,0,v42169911,1.1.1.1.1,116162,,,,0
2000-12,Canada,2016A000011124,"Total, new motor vehicles","Total, country of manufacture",Units,Seasonally adjusted,Units,300,units,0,v42169912,1.1.1.1.2,127180,,,TRUE,0
2001-01,Canada,2016A000011124,"Total, new motor vehicles","Total, country of manufacture",Units,Unadjusted,Units,300,units,0,v42169911,1.1.1.1.1,96791,,,,0
2001-01,Canada,2016A000011124,"Total, new motor vehicles","Total, country of manufacture",Units,Seasonally adjusted,Units,300,units,0,v42169912,1.1.1.1.2,127673,,,TRUE,0
2001-02,Canada,2016A000011124,"Total, new motor vehicles","Total, country of manufacture",Units,Unadjusted,Units,300,units,0,v42169911,1.1.1.1.1,89159,,,,0
2001-02,Canada,2016A000011124,"Total, new motor vehicles","Total, country of manufacture",Units,Seasonally adjusted,Units,300,units,0,v42169912,1.1.1.1.2,124886,,,TRUE,0
2001-03,Canada,2016A000011124,"Total, new motor vehicles","Total, country of manufacture",Units,Unadjusted,Units,300,units,0,v42169911,1.1.1.1.1,143189,,,,0
2001-03,Canada,2016A000011124,"Total, new motor vehicles","Total, country of manufacture",Units,Seasonally adjusted,Units,300,units,0,v42169912,1.1.1.1.2,127006,,,TRUE,0
2001-04,Canada,2016A000011124,"Total, new motor vehicles","Total, country of manufacture",Units,Unadjusted,Units,300,units,0,v42169911,1.1.1.1.1,150179,,,,0
2001-04,Canada,2016A000011124,"Total, new motor vehicles","Total, country of manufacture",Units,Seasonally adjusted,Units,300,units,0,v42169912,1.1.1.1.2,132959,,,TRUE,0
2001-05,Canada,2016A000011124,"Total, new motor vehicles","Total, country of manufacture",Units,Unadjusted,Units,300,units,0,v42169911,1.1.1.1.1,169058,,,,0
2001-05,Canada,2016A000011124,"Total, new motor vehicles","Total, country of manufacture",Units,Seasonally adjusted,Units,300,units,0,v42169912,1.1.1.1.2,131584,,,TRUE,0
2001-06,Canada,2016A000011124,"Total, new motor vehicles","Total, country of manufacture",Units,Unadjusted,Units,300,units,0,v42169911,1.1.1.1.1,161079,,,,0
2001-06,Canada,2016A000011124,"Total, new motor vehicles","Total, country of manufacture",Units,Seasonally adjusted,Units,300,units,0,v42169912,1.1.1.1.2,132671,,,TRUE,0
2001-07,Canada,2016A000011124,"Total, new motor vehicles","Total, country of manufacture",Units,Unadjusted,Units,300,units,0,v42169911,1.1.1.1.1,130499,,,,0
2001-07,Canada,2016A000011124,"Total, new motor vehicles","Total, country of manufacture",Units,Seasonally adjusted,Units,300,units,0,v42169912,1.1.1.1.2,132304,,,TRUE,0
2001-08,Canada,2016A000011124,"Total, new motor vehicles","Total, country of manufacture",Units,Unadjusted,Units,300,units,0,v42169911,1.1.1.1.1,139030,,,,0
2001-08,Canada,2016A000011124,"Total, new motor vehicles","Total, country of manufacture",Units,Seasonally adjusted,Units,300,units,0,v42169912,1.1.1.1.2,133928,,,TRUE,0
2001-09,Canada,2016A000011124,"Total, new motor vehicles","Total, country of manufacture",Units,Unadjusted,Units,300,units,0,v42169911,1.1.1.1.1,127045,,,,0
2001-09,Canada,2016A000011124,"Total, new motor vehicles","Total, country of manufacture",Units,Seasonally adjusted,Units,300,units,0,v42169912,1.1.1.1.2,129589,,,TRUE,0
2001-10,Canada,2016A000011124,"Total, new motor vehicles","Total, country of manufacture",Units,Unadjusted,Units,300,units,0,v42169911,1.1.1.1.1,124217,,,,0
2001-10,Canada,2016A000011124,"Total, new motor vehicles","Total, country of manufacture",Units,Seasonally adjusted,Units,300,units,0,v42169912,1.1.1.1.2,134355,,,TRUE,0
2001-11,Canada,2016A000011124,"Total, new motor vehicles","Total, country of manufacture",Units,Unadjusted,Units,300,units,0,v42169911,1.1.1.1.1,131917,,,,0
2001-11,Canada,2016A000011124,"Total, new motor vehicles","Total, country of manufacture",Units,Seasonally adjusted,Units,300,units,0,v42169912,1.1.1.1.2,144645,,,TRUE,0
2001-12,Canada,2016A000011124,"Total, new motor vehicles","Total, country of manufacture",Units,Unadjusted,Units,300,units,0,v42169911,1.1.1.1.1,135801,,,,0
2001-12,Canada,2016A000011124,"Total, new motor vehicles","Total, country of manufacture",Units,Seasonally adjusted,Units,300,units,0,v42169912,1.1.1.1.2,146363,,,TRUE,0
2002-01,Canada,2016A000011124,"Total, new motor vehicles","Total, country of manufacture",Units,Unadjusted,Units,300,units,0,v42169911,1.1.1.1.1,112105,,,,0
2002-01,Canada,2016A000011124,"Total, new motor vehicles","Total, country of manufacture",Units,Seasonally adjusted,Units,300,units,0,v42169912,1.1.1.1.2,147881,,,TRUE,0
2002-02,Canada,2016A000011124,"Total, new motor vehicles","Total, country of manufacture",Units,Unadjusted,Units,300,units,0,v42169911,1.1.1.1.1,103981,,,,0
2002-02,Canada,2016A000011124,"Total, new motor vehicles","Total, country of manufacture",Units,Seasonally adjusted,Units,300,units,0,v42169912,1.1.1.1.2,144654,,,TRUE,0
2002-03,Canada,2016A000011124,"Total, new motor vehicles","Total, country of manufacture",Units,Unadjusted,Units,300,units,0,v42169911,1.1.1.1.1,150286,,,,0
2002-03,Canada,2016A000011124,"Total, new motor vehicles","Total, country of manufacture",Units,Seasonally adjusted,Units,300,units,0,v42169912,1.1.1.1.2,139481,,,TRUE,0
2002-04,Canada,2016A000011124,"Total, new motor vehicles","Total, country of manufacture",Units,Unadjusted,Units,300,units,0,v42169911,1.1.1.1.1,167558,,,,0
2002-04,Canada,2016A000011124,"Total, new motor vehicles","Total, country of manufacture",Units,Seasonally adjusted,Units,300,units,0,v42169912,1.1.1.1.2,143028,,,TRUE,0
2002-05,Canada,2016A000011124,"Total, new motor vehicles","Total, country of manufacture",Units,Unadjusted,Units,300,units,0,v42169911,1.1.1.1.1,186313,,,,0
2002-05,Canada,2016A000011124,"Total, new motor vehicles","Total, country of manufacture",Units,Seasonally adjusted,Units,300,units,0,v42169912,1.1.1.1.2,145596,,,TRUE,0
2002-06,Canada,2016A000011124,"Total, new motor vehicles","Total, country of manufacture",Units,Unadjusted,Units,300,units,0,v42169911,1.1.1.1.1,168305,,,,0
2002-06,Canada,2016A000011124,"Total, new motor vehicles","Total, country of manufacture",Units,Seasonally adjusted,Units,300,units,0,v42169912,1.1.1.1.2,142628,,,TRUE,0
2002-07,Canada,2016A000011124,"Total, new motor vehicles","Total, country of manufacture",Units,Unadjusted,Units,300,units,0,v42169911,1.1.1.1.1,141101,,,,0
2002-07,Canada,2016A000011124,"Total, new motor vehicles","Total, country of manufacture",Units,Seasonally adjusted,Units,300,units,0,v42169912,1.1.1.1.2,140366,,,TRUE,0
2002-08,Canada,2016A000011124,"Total, new motor vehicles","Total, country of manufacture",Units,Unadjusted,Units,300,units,0,v42169911,1.1.1.1.1,150865,,,,0
2002-08,Canada,2016A000011124,"Total, new motor vehicles","Total, country of manufacture",Units,Seasonally adjusted,Units,300,units,0,v42169912,1.1.1.1.2,145562,,,TRUE,0
2002-09,Canada,2016A000011124,"Total, new motor vehicles","Total, country of manufacture",Units,Unadjusted,Units,300,units,0,v42169911,1.1.1.1.1,144297,,,,0
2002-09,Canada,2016A000011124,"Total, new motor vehicles","Total, country of manufacture",Units,Seasonally adjusted,Units,300,units,0,v42169912,1.1.1.1.2,145348,,,TRUE,0
2002-10,Canada,2016A000011124,"Total, new motor vehicles","Total, country of manufacture",Units,Unadjusted,Units,300,units,0,v42169911,1.1.1.1.1,137951,,,,0
2002-10,Canada,2016A000011124,"Total, new motor vehicles","Total, country of manufacture",Units,Seasonally adjusted,Units,300,units,0,v42169912,1.1.1.1.2,147192,,,TRUE,0
2002-11,Canada,2016A000011124,"Total, new motor vehicles","Total, country of manufacture",Units,Unadjusted,Units,300,units,0,v42169911,1.1.1.1.1,127244,,,,0
2002-11,Canada,2016A000011124,"Total, new motor vehicles","Total, country of manufacture",Units,Seasonally adjusted,Units,300,units,0,v42169912,1.1.1.1.2,141460,,,TRUE,0
2002-12,Canada,2016A000011124,"Total, new motor vehicles","Total, country of manufacture",Units,Unadjusted,Units,300,units,0,v42169911,1.1.1.1.1,143312,,,,0
2002-12,Canada,2016A000011124,"Total, new motor vehicles","Total, country of manufacture",Units,Seasonally adjusted,Units,300,units,0,v42169912,1.1.1.1.2,150122,,,TRUE,0
2003-01,Canada,2016A000011124,"Total, new motor vehicles","Total, country of manufacture",Units,Unadjusted,Units,300,units,0,v42169911,1.1.1.1.1,95477,,,,0
2003-01,Canada,2016A000011124,"Total, new motor vehicles","Total, country of manufacture",Units,Seasonally adjusted,Units,300,units,0,v42169912,1.1.1.1.2,137838,,,TRUE,0
2003-02,Canada,2016A000011124,"Total, new motor vehicles","Total, country of manufacture",Units,Unadjusted,Units,300,units,0,v42169911,1.1.1.1.1,105391,,,,0
2003-02,Canada,2016A000011124,"Total, new motor vehicles","Total, country of manufacture",Units,Seasonally adjusted,Units,300,units,0,v42169912,1.1.1.1.2,145924,,,TRUE,0
2003-03,Canada,2016A000011124,"Total, new motor vehicles","Total, country of manufacture",Units,Unadjusted,Units,300,units,0,v42169911,1.1.1.1.1,148922,,,,0
2003-03,Canada,2016A000011124,"Total, new motor vehicles","Total, country of manufacture",Units,Seasonally adjusted,Units,300,units,0,v42169912,1.1.1.1.2,138937,,,TRUE,0
2003-04,Canada,2016A000011124,"Total, new motor vehicles","Total, country of manufacture",Units,Unadjusted,Units,300,units,0,v42169911,1.1.1.1.1,152967,,,,0
2003-04,Canada,2016A000011124,"Total, new motor vehicles","Total, country of manufacture",Units,Seasonally adjusted,Units,300,units,0,v42169912,1.1.1.1.2,126908,,,TRUE,0
2003-05,Canada,2016A000011124,"Total, new motor vehicles","Total, country of manufacture",Units,Unadjusted,Units,300,units,0,v42169911,1.1.1.1.1,185419,,,,0
2003-05,Canada,2016A000011124,"Total, new motor vehicles","Total, country of manufacture",Units,Seasonally adjusted,Units,300,units,0,v42169912,1.1.1.1.2,141873,,,TRUE,0
2003-06,Canada,2016A000011124,"Total, new motor vehicles","Total, country of manufacture",Units,Unadjusted,Units,300,units,0,v42169911,1.1.1.1.1,149816,,,,0
2003-06,Canada,2016A000011124,"Total, new motor vehicles","Total, country of manufacture",Units,Seasonally adjusted,Units,300,units,0,v42169912,1.1.1.1.2,131646,,,TRUE,0
2003-07,Canada,2016A000011124,"Total, new motor vehicles","Total, country of manufacture",Units,Unadjusted,Units,300,units,0,v42169911,1.1.1.1.1,148957,,,,0
2003-07,Canada,2016A000011124,"Total, new motor vehicles","Total, country of manufacture",Units,Seasonally adjusted,Units,300,units,0,v42169912,1.1.1.1.2,140606,,,TRUE,0
2003-08,Canada,2016A000011124,"Total, new motor vehicles","Total, country of manufacture",Units,Unadjusted,Units,300,units,0,v42169911,1.1.1.1.1,145108,,,,0
2003-08,Canada,2016A000011124,"Total, new motor vehicles","Total, country of manufacture",Units,Seasonally adjusted,Units,300,units,0,v42169912,1.1.1.1.2,136735,,,TRUE,0
2003-09,Canada,2016A000011124,"Total, new motor vehicles","Total, country of manufacture",Units,Unadjusted,Units,300,units,0,v42169911,1.1.1.1.1,141988,,,,0
2003-09,Canada,2016A000011124,"Total, new motor vehicles","Total, country of manufacture",Units,Seasonally adjusted,Units,300,units,0,v42169912,1.1.1.1.2,138352,,,TRUE,0
2003-10,Canada,2016A000011124,"Total, new motor vehicles","Total, country of manufacture",Units,Unadjusted,Units,300,units,0,v42169911,1.1.1.1.1,124427,,,,0
2003-10,Canada,2016A000011124,"Total, new motor vehicles","Total, country of manufacture",Units,Seasonally adjusted,Units,300,units,0,v42169912,1.1.1.1.2,131991,,,TRUE,0
2003-11,Canada,2016A000011124,"Total, new motor vehicles","Total, country of manufacture",Units,Unadjusted,Units,300,units,0,v42169911,1.1.1.1.1,115126,,,,0
2003-11,Canada,2016A000011124,"Total, new motor vehicles","Total, country of manufacture",Units,Seasonally adjusted,Units,300,units,0,v42169912,1.1.1.1.2,129088,,,TRUE,0
2003-12,Canada,2016A000011124,"Total, new motor vehicles","Total, country of manufacture",Units,Unadjusted,Units,300,units,0,v42169911,1.1.1.1.1,112870,,,,0
2003-12,Canada,2016A000011124,"Total, new motor vehicles","Total, country of manufacture",Units,Seasonally adjusted,Units,300,units,0,v42169912,1.1.1.1.2,126569,,,TRUE,0
2004-01,Canada,2016A000011124,"Total, new motor vehicles","Total, country of manufacture",Units,Unadjusted,Units,300,units,0,v42169911,1.1.1.1.1,85238,,,,0
2004-01,Canada,2016A000011124,"Total, new motor vehicles","Total, country of manufacture",Units,Seasonally adjusted,Units,300,units,0,v42169912,1.1.1.1.2,127150,,,TRUE,0
2004-02,Canada,2016A000011124,"Total, new motor vehicles","Total, country of manufacture",Units,Unadjusted,Units,300,units,0,v42169911,1.1.1.1.1,94777,,,,0
2004-02,Canada,2016A000011124,"Total, new motor vehicles","Total, country of manufacture",Units,Seasonally adjusted,Units,300,units,0,v42169912,1.1.1.1.2,128955,,,TRUE,0
2004-03,Canada,2016A000011124,"Total, new motor vehicles","Total, country of manufacture",Units,Unadjusted,Units,300,units,0,v42169911,1.1.1.1.1,149605,,,,0
2004-03,Canada,2016A000011124,"Total, new motor vehicles","Total, country of manufacture",Units,Seasonally adjusted,Units,300,units,0,v42169912,1.1.1.1.2,134972,,,TRUE,0
2004-04,Canada,2016A000011124,"Total, new motor vehicles","Total, country of manufacture",Units,Unadjusted,Units,300,units,0,v42169911,1.1.1.1.1,160195,,,,0
2004-04,Canada,2016A000011124,"Total, new motor vehicles","Total, country of manufacture",Units,Seasonally adjusted,Units,300,units,0,v42169912,1.1.1.1.2,135152,,,TRUE,0
2004-05,Canada,2016A000011124,"Total, new motor vehicles","Total, country of manufacture",Units,Unadjusted,Units,300,units,0,v42169911,1.1.1.1.1,166136,,,,0
2004-05,Canada,2016A000011124,"Total, new motor vehicles","Total, country of manufacture",Units,Seasonally adjusted,Units,300,units,0,v42169912,1.1.1.1.2,132520,,,TRUE,0
2004-06,Canada,2016A000011124,"Total, new motor vehicles","Total, country of manufacture",Units,Unadjusted,Units,300,units,0,v42169911,1.1.1.1.1,154134,,,,0
2004-06,Canada,2016A000011124,"Total, new motor vehicles","Total, country of manufacture",Units,Seasonally adjusted,Units,300,units,0,v42169912,1.1.1.1.2,129082,,,TRUE,0
2004-07,Canada,2016A000011124,"Total, new motor vehicles","Total, country of manufacture",Units,Unadjusted,Units,300,units,0,v42169911,1.1.1.1.1,136563,,,,0
2004-07,Canada,2016A000011124,"Total, new motor vehicles","Total, country of manufacture",Units,Seasonally adjusted,Units,300,units,0,v42169912,1.1.1.1.2,128155,,,TRUE,0
2004-08,Canada,2016A000011124,"Total, new motor vehicles","Total, country of manufacture",Units,Unadjusted,Units,300,units,0,v42169911,1.1.1.1.1,136187,,,,0
2004-08,Canada,2016A000011124,"Total, new motor vehicles","Total, country of manufacture",Units,Seasonally adjusted,Units,300,units,0,v42169912,1.1.1.1.2,130197,,,TRUE,0
2004-09,Canada,2016A000011124,"Total, new motor vehicles","Total, country of manufacture",Units,Unadjusted,Units,300,units,0,v42169911,1.1.1.1.1,130699,,,,0
2004-09,Canada,2016A000011124,"Total, new motor vehicles","Total, country of manufacture",Units,Seasonally adjusted,Units,300,units,0,v42169912,1.1.1.1.2,128290,,,TRUE,0
2004-10,Canada,2016A000011124,"Total, new motor vehicles","Total, country of manufacture",Units,Unadjusted,Units,300,units,0,v42169911,1.1.1.1.1,123552,,,,0
2004-10,Canada,2016A000011124,"Total, new motor vehicles","Total, country of manufacture",Units,Seasonally adjusted,Units,300,units,0,v42169912,1.1.1.1.2,134978,,,TRUE,0
2004-11,Canada,2016A000011124,"Total, new motor vehicles","Total, country of manufacture",Units,Unadjusted,Units,300,units,0,v42169911,1.1.1.1.1,120287,,,,0
2004-11,Canada,2016A000011124,"Total, new motor vehicles","Total, country of manufacture",Units,Seasonally adjusted,Units,300,units,0,v42169912,1.1.1.1.2,134371,,,TRUE,0
2004-12,Canada,2016A000011124,"Total, new motor vehicles","Total, country of manufacture",Units,Unadjusted,Units,300,units,0,v42169911,1.1.1.1.1,117822,,,,0
2004-12,Canada,2016A000011124,"Total, new motor vehicles","Total, country of manufacture",Units,Seasonally adjusted,Units,300,units,0,v42169912,1.1.1.1.2,131374,,,TRUE,0
2005-01,Canada,2016A000011124,"Total, new motor vehicles","Total, country of manufacture",Units,Unadjusted,Units,300,units,0,v42169911,1.1.1.1.1,82019,,,,0
2005-01,Canada,2016A000011124,"Total, new motor vehicles","Total, country of manufacture",Units,Seasonally adjusted,Units,300,units,0,v42169912,1.1.1.1.2,128480,,,TRUE,0
2005-02,Canada,2016A000011124,"Total, new motor vehicles","Total, country of manufacture",Units,Unadjusted,Units,300,units,0,v42169911,1.1.1.1.1,106064,,,,0
2005-02,Canada,2016A000011124,"Total, new motor vehicles","Total, country of manufacture",Units,Seasonally adjusted,Units,300,units,0,v42169912,1.1.1.1.2,146442,,,TRUE,0
2005-03,Canada,2016A000011124,"Total, new motor vehicles","Total, country of manufacture",Units,Unadjusted,Units,300,units,0,v42169911,1.1.1.1.1,148296,,,,0
2005-03,Canada,2016A000011124,"Total, new motor vehicles","Total, country of manufacture",Units,Seasonally adjusted,Units,300,units,0,v42169912,1.1.1.1.2,134997,,,TRUE,0
2005-04,Canada,2016A000011124,"Total, new motor vehicles","Total, country of manufacture",Units,Unadjusted,Units,300,units,0,v42169911,1.1.1.1.1,167441,,,,0
2005-04,Canada,2016A000011124,"Total, new motor vehicles","Total, country of manufacture",Units,Seasonally adjusted,Units,300,units,0,v42169912,1.1.1.1.2,136298,,,TRUE,0
2005-05,Canada,2016A000011124,"Total, new motor vehicles","Total, country of manufacture",Units,Unadjusted,Units,300,units,0,v42169911,1.1.1.1.1,161865,,,,0
2005-05,Canada,2016A000011124,"Total, new motor vehicles","Total, country of manufacture",Units,Seasonally adjusted,Units,300,units,0,v42169912,1.1.1.1.2,128426,,,TRUE,0
2005-06,Canada,2016A000011124,"Total, new motor vehicles","Total, country of manufacture",Units,Unadjusted,Units,300,units,0,v42169911,1.1.1.1.1,166024,,,,0
2005-06,Canada,2016A000011124,"Total, new motor vehicles","Total, country of manufacture",Units,Seasonally adjusted,Units,300,units,0,v42169912,1.1.1.1.2,140472,,,TRUE,0
2005-07,Canada,2016A000011124,"Total, new motor vehicles","Total, country of manufacture",Units,Unadjusted,Units,300,units,0,v42169911,1.1.1.1.1,158796,,,,0
2005-07,Canada,2016A000011124,"Total, new motor vehicles","Total, country of manufacture",Units,Seasonally adjusted,Units,300,units,0,v42169912,1.1.1.1.2,149235,,,TRUE,0
2005-08,Canada,2016A000011124,"Total, new motor vehicles","Total, country of manufacture",Units,Unadjusted,Units,300,units,0,v42169911,1.1.1.1.1,146862,,,,0
2005-08,Canada,2016A000011124,"Total, new motor vehicles","Total, country of manufacture",Units,Seasonally adjusted,Units,300,units,0,v42169912,1.1.1.1.2,133976,,,TRUE,0
2005-09,Canada,2016A000011124,"Total, new motor vehicles","Total, country of manufacture",Units,Unadjusted,Units,300,units,0,v42169911,1.1.1.1.1,128431,,,,0
2005-09,Canada,2016A000011124,"Total, new motor vehicles","Total, country of manufacture",Units,Seasonally adjusted,Units,300,units,0,v42169912,1.1.1.1.2,126126,,,TRUE,0
2005-10,Canada,2016A000011124,"Total, new motor vehicles","Total, country of manufacture",Units,Unadjusted,Units,300,units,0,v42169911,1.1.1.1.1,118993,,,,0
2005-10,Canada,2016A000011124,"Total, new motor vehicles","Total, country of manufacture",Units,Seasonally adjusted,Units,300,units,0,v42169912,1.1.1.1.2,134399,,,TRUE,0
2005-11,Canada,2016A000011124,"Total, new motor vehicles","Total, country of manufacture",Units,Unadjusted,Units,300,units,0,v42169911,1.1.1.1.1,124111,,,,0
2005-11,Canada,2016A000011124,"Total, new motor vehicles","Total, country of manufacture",Units,Seasonally adjusted,Units,300,units,0,v42169912,1.1.1.1.2,135053,,,TRUE,0
2005-12,Canada,2016A000011124,"Total, new motor vehicles","Total, country of manufacture",Units,Unadjusted,Units,300,units,0,v42169911,1.1.1.1.1,121408,,,,0
2005-12,Canada,2016A000011124,"Total, new motor vehicles","Total, country of manufacture",Units,Seasonally adjusted,Units,300,units,0,v42169912,1.1.1.1.2,136406,,,TRUE,0
2006-01,Canada,2016A000011124,"Total, new motor vehicles","Total, country of manufacture",Units,Unadjusted,Units,300,units,0,v42169911,1.1.1.1.1,89422,,,,0
2006-01,Canada,2016A000011124,"Total, new motor vehicles","Total, country of manufacture",Units,Seasonally adjusted,Units,300,units,0,v42169912,1.1.1.1.2,139768,,,TRUE,0
2006-02,Canada,2016A000011124,"Total, new motor vehicles","Total, country of manufacture",Units,Unadjusted,Units,300,units,0,v42169911,1.1.1.1.1,100740,,,,0
2006-02,Canada,2016A000011124,"Total, new motor vehicles","Total, country of manufacture",Units,Seasonally adjusted,Units,300,units,0,v42169912,1.1.1.1.2,138350,,,TRUE,0
2006-03,Canada,2016A000011124,"Total, new motor vehicles","Total, country of manufacture",Units,Unadjusted,Units,300,units,0,v42169911,1.1.1.1.1,155990,,,,0
2006-03,Canada,2016A000011124,"Total, new motor vehicles","Total, country of manufacture",Units,Seasonally adjusted,Units,300,units,0,v42169912,1.1.1.1.2,137907,,,TRUE,0
2006-04,Canada,2016A000011124,"Total, new motor vehicles","Total, country of manufacture",Units,Unadjusted,Units,300,units,0,v42169911,1.1.1.1.1,159436,,,,0
2006-04,Canada,2016A000011124,"Total, new motor vehicles","Total, country of manufacture",Units,Seasonally adjusted,Units,300,units,0,v42169912,1.1.1.1.2,134530,,,TRUE,0
2006-05,Canada,2016A000011124,"Total, new motor vehicles","Total, country of manufacture",Units,Unadjusted,Units,300,units,0,v42169911,1.1.1.1.1,173291,,,,0
2006-05,Canada,2016A000011124,"Total, new motor vehicles","Total, country of manufacture",Units,Seasonally adjusted,Units,300,units,0,v42169912,1.1.1.1.2,132671,,,TRUE,0
2006-06,Canada,2016A000011124,"Total, new motor vehicles","Total, country of manufacture",Units,Unadjusted,Units,300,units,0,v42169911,1.1.1.1.1,162029,,,,0
2006-06,Canada,2016A000011124,"Total, new motor vehicles","Total, country of manufacture",Units,Seasonally adjusted,Units,300,units,0,v42169912,1.1.1.1.2,135152,,,TRUE,0
2006-07,Canada,2016A000011124,"Total, new motor vehicles","Total, country of manufacture",Units,Unadjusted,Units,300,units,0,v42169911,1.1.1.1.1,145521,,,,0
2006-07,Canada,2016A000011124,"Total, new motor vehicles","Total, country of manufacture",Units,Seasonally adjusted,Units,300,units,0,v42169912,1.1.1.1.2,139119,,,TRUE,0
2006-08,Canada,2016A000011124,"Total, new motor vehicles","Total, country of manufacture",Units,Unadjusted,Units,300,units,0,v42169911,1.1.1.1.1,157868,,,,0
2006-08,Canada,2016A000011124,"Total, new motor vehicles","Total, country of manufacture",Units,Seasonally adjusted,Units,300,units,0,v42169912,1.1.1.1.2,140417,,,TRUE,0
2006-09,Canada,2016A000011124,"Total, new motor vehicles","Total, country of manufacture",Units,Unadjusted,Units,300,units,0,v42169911,1.1.1.1.1,140065,,,,0
2006-09,Canada,2016A000011124,"Total, new motor vehicles","Total, country of manufacture",Units,Seasonally adjusted,Units,300,units,0,v42169912,1.1.1.1.2,137026,,,TRUE,0
2006-10,Canada,2016A000011124,"Total, new motor vehicles","Total, country of manufacture",Units,Unadjusted,Units,300,units,0,v42169911,1.1.1.1.1,123076,,,,0
2006-10,Canada,2016A000011124,"Total, new motor vehicles","Total, country of manufacture",Units,Seasonally adjusted,Units,300,units,0,v42169912,1.1.1.1.2,138901,,,TRUE,0
2006-11,Canada,2016A000011124,"Total, new motor vehicles","Total, country of manufacture",Units,Unadjusted,Units,300,units,0,v42169911,1.1.1.1.1,127732,,,,0
2006-11,Canada,2016A000011124,"Total, new motor vehicles","Total, country of manufacture",Units,Seasonally adjusted,Units,300,units,0,v42169912,1.1.1.1.2,142202,,,TRUE,0
2006-12,Canada,2016A000011124,"Total, new motor vehicles","Total, country of manufacture",Units,Unadjusted,Units,300,units,0,v42169911,1.1.1.1.1,131157,,,,0
2006-12,Canada,2016A000011124,"Total, new motor vehicles","Total, country of manufacture",Units,Seasonally adjusted,Units,300,units,0,v42169912,1.1.1.1.2,150284,,,TRUE,0
2007-01,Canada,2016A000011124,"Total, new motor vehicles","Total, country of manufacture",Units,Unadjusted,Units,300,units,0,v42169911,1.1.1.1.1,94413,,,,0
2007-01,Canada,2016A000011124,"Total, new motor vehicles","Total, country of manufacture",Units,Seasonally adjusted,Units,300,units,0,v42169912,1.1.1.1.2,140642,,,TRUE,0
2007-02,Canada,2016A000011124,"Total, new motor vehicles","Total, country of manufacture",Units,Unadjusted,Units,300,units,0,v42169911,1.1.1.1.1,99877,,,,0
2007-02,Canada,2016A000011124,"Total, new motor vehicles","Total, country of manufacture",Units,Seasonally adjusted,Units,300,units,0,v42169912,1.1.1.1.2,137935,,,TRUE,0
2007-03,Canada,2016A000011124,"Total, new motor vehicles","Total, country of manufacture",Units,Unadjusted,Units,300,units,0,v42169911,1.1.1.1.1,154450,,,,0
2007-03,Canada,2016A000011124,"Total, new motor vehicles","Total, country of manufacture",Units,Seasonally adjusted,Units,300,units,0,v42169912,1.1.1.1.2,136738,,,TRUE,0
2007-04,Canada,2016A000011124,"Total, new motor vehicles","Total, country of manufacture",Units,Unadjusted,Units,300,units,0,v42169911,1.1.1.1.1,172428,,,,0
2007-04,Canada,2016A000011124,"Total, new motor vehicles","Total, country of manufacture",Units,Seasonally adjusted,Units,300,units,0,v42169912,1.1.1.1.2,151391,,,TRUE,0
2007-05,Canada,2016A000011124,"Total, new motor vehicles","Total, country of manufacture",Units,Unadjusted,Units,300,units,0,v42169911,1.1.1.1.1,189076,,,,0
2007-05,Canada,2016A000011124,"Total, new motor vehicles","Total, country of manufacture",Units,Seasonally adjusted,Units,300,units,0,v42169912,1.1.1.1.2,145340,,,TRUE,0
2007-06,Canada,2016A000011124,"Total, new motor vehicles","Total, country of manufacture",Units,Unadjusted,Units,300,units,0,v42169911,1.1.1.1.1,172487,,,,0
2007-06,Canada,2016A000011124,"Total, new motor vehicles","Total, country of manufacture",Units,Seasonally adjusted,Units,300,units,0,v42169912,1.1.1.1.2,143714,,,TRUE,0
2007-07,Canada,2016A000011124,"Total, new motor vehicles","Total, country of manufacture",Units,Unadjusted,Units,300,units,0,v42169911,1.1.1.1.1,145370,,,,0
2007-07,Canada,2016A000011124,"Total, new motor vehicles","Total, country of manufacture",Units,Seasonally adjusted,Units,300,units,0,v42169912,1.1.1.1.2,139179,,,TRUE,0
2007-08,Canada,2016A000011124,"Total, new motor vehicles","Total, country of manufacture",Units,Unadjusted,Units,300,units,0,v42169911,1.1.1.1.1,160883,,,,0
2007-08,Canada,2016A000011124,"Total, new motor vehicles","Total, country of manufacture",Units,Seasonally adjusted,Units,300,units,0,v42169912,1.1.1.1.2,143266,,,TRUE,0
2007-09,Canada,2016A000011124,"Total, new motor vehicles","Total, country of manufacture",Units,Unadjusted,Units,300,units,0,v42169911,1.1.1.1.1,134516,,,,0
2007-09,Canada,2016A000011124,"Total, new motor vehicles","Total, country of manufacture",Units,Seasonally adjusted,Units,300,units,0,v42169912,1.1.1.1.2,137655,,,TRUE,0
2007-10,Canada,2016A000011124,"Total, new motor vehicles","Total, country of manufacture",Units,Unadjusted,Units,300,units,0,v42169911,1.1.1.1.1,124072,,,,0
2007-10,Canada,2016A000011124,"Total, new motor vehicles","Total, country of manufacture",Units,Seasonally adjusted,Units,300,units,0,v42169912,1.1.1.1.2,135454,,,TRUE,0
2007-11,Canada,2016A000011124,"Total, new motor vehicles","Total, country of manufacture",Units,Unadjusted,Units,300,units,0,v42169911,1.1.1.1.1,120012,,,,0
2007-11,Canada,2016A000011124,"Total, new motor vehicles","Total, country of manufacture",Units,Seasonally adjusted,Units,300,units,0,v42169912,1.1.1.1.2,135183,,,TRUE,0
2007-12,Canada,2016A000011124,"Total, new motor vehicles","Total, country of manufacture",Units,Unadjusted,Units,300,units,0,v42169911,1.1.1.1.1,122954,,,,0
2007-12,Canada,2016A000011124,"Total, new motor vehicles","Total, country of manufacture",Units,Seasonally adjusted,Units,300,units,0,v42169912,1.1.1.1.2,144042,,,TRUE,0
2008-01,Canada,2016A000011124,"Total, new motor vehicles","Total, country of manufacture",Units,Unadjusted,Units,300,units,0,v42169911,1.1.1.1.1,105546,,,,0
2008-01,Canada,2016A000011124,"Total, new motor vehicles","Total, country of manufacture",Units,Seasonally adjusted,Units,300,units,0,v42169912,1.1.1.1.2,157807,,,TRUE,0
2008-02,Canada,2016A000011124,"Total, new motor vehicles","Total, country of manufacture",Units,Unadjusted,Units,300,units,0,v42169911,1.1.1.1.1,113877,,,,0
2008-02,Canada,2016A000011124,"Total, new motor vehicles","Total, country of manufacture",Units,Seasonally adjusted,Units,300,units,0,v42169912,1.1.1.1.2,151715,,,TRUE,0
2008-03,Canada,2016A000011124,"Total, new motor vehicles","Total, country of manufacture",Units,Unadjusted,Units,300,units,0,v42169911,1.1.1.1.1,153505,,,,0
2008-03,Canada,2016A000011124,"Total, new motor vehicles","Total, country of manufacture",Units,Seasonally adjusted,Units,300,units,0,v42169912,1.1.1.1.2,147890,,,TRUE,0
2008-04,Canada,2016A000011124,"Total, new motor vehicles","Total, country of manufacture",Units,Unadjusted,Units,300,units,0,v42169911,1.1.1.1.1,179289,,,,0
2008-04,Canada,2016A000011124,"Total, new motor vehicles","Total, country of manufacture",Units,Seasonally adjusted,Units,300,units,0,v42169912,1.1.1.1.2,144142,,,TRUE,0
2008-05,Canada,2016A000011124,"Total, new motor vehicles","Total, country of manufacture",Units,Unadjusted,Units,300,units,0,v42169911,1.1.1.1.1,188137,,,,0
2008-05,Canada,2016A000011124,"Total, new motor vehicles","Total, country of manufacture",Units,Seasonally adjusted,Units,300,units,0,v42169912,1.1.1.1.2,144756,,,TRUE,0
2008-06,Canada,2016A000011124,"Total, new motor vehicles","Total, country of manufacture",Units,Unadjusted,Units,300,units,0,v42169911,1.1.1.1.1,163064,,,,0
2008-06,Canada,2016A000011124,"Total, new motor vehicles","Total, country of manufacture",Units,Seasonally adjusted,Units,300,units,0,v42169912,1.1.1.1.2,143177,,,TRUE,0
2008-07,Canada,2016A000011124,"Total, new motor vehicles","Total, country of manufacture",Units,Unadjusted,Units,300,units,0,v42169911,1.1.1.1.1,152704,,,,0
2008-07,Canada,2016A000011124,"Total, new motor vehicles","Total, country of manufacture",Units,Seasonally adjusted,Units,300,units,0,v42169912,1.1.1.1.2,137978,,,TRUE,0
2008-08,Canada,2016A000011124,"Total, new motor vehicles","Total, country of manufacture",Units,Unadjusted,Units,300,units,0,v42169911,1.1.1.1.1,149607,,,,0
2008-08,Canada,2016A000011124,"Total, new motor vehicles","Total, country of manufacture",Units,Seasonally adjusted,Units,300,units,0,v42169912,1.1.1.1.2,136772,,,TRUE,0
2008-09,Canada,2016A000011124,"Total, new motor vehicles","Total, country of manufacture",Units,Unadjusted,Units,300,units,0,v42169911,1.1.1.1.1,137479,,,,0
2008-09,Canada,2016A000011124,"Total, new motor vehicles","Total, country of manufacture",Units,Seasonally adjusted,Units,300,units,0,v42169912,1.1.1.1.2,138911,,,TRUE,0
2008-10,Canada,2016A000011124,"Total, new motor vehicles","Total, country of manufacture",Units,Unadjusted,Units,300,units,0,v42169911,1.1.1.1.1,126064,,,,0
2008-10,Canada,2016A000011124,"Total, new motor vehicles","Total, country of manufacture",Units,Seasonally adjusted,Units,300,units,0,v42169912,1.1.1.1.2,134684,,,TRUE,0
2008-11,Canada,2016A000011124,"Total, new motor vehicles","Total, country of manufacture",Units,Unadjusted,Units,300,units,0,v42169911,1.1.1.1.1,107709,,,,0
2008-11,Canada,2016A000011124,"Total, new motor vehicles","Total, country of manufacture",Units,Seasonally adjusted,Units,300,units,0,v42169912,1.1.1.1.2,125109,,,TRUE,0
2008-12,Canada,2016A000011124,"Total, new motor vehicles","Total, country of manufacture",Units,Unadjusted,Units,300,units,0,v42169911,1.1.1.1.1,97164,,,,0
2008-12,Canada,2016A000011124,"Total, new motor vehicles","Total, country of manufacture",Units,Seasonally adjusted,Units,300,units,0,v42169912,1.1.1.1.2,111202,,,TRUE,0
2009-01,Canada,2016A000011124,"Total, new motor vehicles","Total, country of manufacture",Units,Unadjusted,Units,300,units,0,v42169911,1.1.1.1.1,78817,,,,0
2009-01,Canada,2016A000011124,"Total, new motor vehicles","Total, country of manufacture",Units,Seasonally adjusted,Units,300,units,0,v42169912,1.1.1.1.2,117160,,,TRUE,0
2009-02,Canada,2016A000011124,"Total, new motor vehicles","Total, country of manufacture",Units,Unadjusted,Units,300,units,0,v42169911,1.1.1.1.1,82039,,,,0
2009-02,Canada,2016A000011124,"Total, new motor vehicles","Total, country of manufacture",Units,Seasonally adjusted,Units,300,units,0,v42169912,1.1.1.1.2,113933,,,TRUE,0
2009-03,Canada,2016A000011124,"Total, new motor vehicles","Total, country of manufacture",Units,Unadjusted,Units,300,units,0,v42169911,1.1.1.1.1,129831,,,,0
2009-03,Canada,2016A000011124,"Total, new motor vehicles","Total, country of manufacture",Units,Seasonally adjusted,Units,300,units,0,v42169912,1.1.1.1.2,120004,,,TRUE,0
2009-04,Canada,2016A000011124,"Total, new motor vehicles","Total, country of manufacture",Units,Unadjusted,Units,300,units,0,v42169911,1.1.1.1.1,146026,,,,0
2009-04,Canada,2016A000011124,"Total, new motor vehicles","Total, country of manufacture",Units,Seasonally adjusted,Units,300,units,0,v42169912,1.1.1.1.2,122541,,,TRUE,0
2009-05,Canada,2016A000011124,"Total, new motor vehicles","Total, country of manufacture",Units,Unadjusted,Units,300,units,0,v42169911,1.1.1.1.1,156025,,,,0
2009-05,Canada,2016A000011124,"Total, new motor vehicles","Total, country of manufacture",Units,Seasonally adjusted,Units,300,units,0,v42169912,1.1.1.1.2,124153,,,TRUE,0
2009-06,Canada,2016A000011124,"Total, new motor vehicles","Total, country of manufacture",Units,Unadjusted,Units,300,units,0,v42169911,1.1.1.1.1,140442,,,,0
2009-06,Canada,2016A000011124,"Total, new motor vehicles","Total, country of manufacture",Units,Seasonally adjusted,Units,300,units,0,v42169912,1.1.1.1.2,120084,,,TRUE,0
2009-07,Canada,2016A000011124,"Total, new motor vehicles","Total, country of manufacture",Units,Unadjusted,Units,300,units,0,v42169911,1.1.1.1.1,141621,,,,0
2009-07,Canada,2016A000011124,"Total, new motor vehicles","Total, country of manufacture",Units,Seasonally adjusted,Units,300,units,0,v42169912,1.1.1.1.2,126482,,,TRUE,0
2009-08,Canada,2016A000011124,"Total, new motor vehicles","Total, country of manufacture",Units,Unadjusted,Units,300,units,0,v42169911,1.1.1.1.1,136971,,,,0
2009-08,Canada,2016A000011124,"Total, new motor vehicles","Total, country of manufacture",Units,Seasonally adjusted,Units,300,units,0,v42169912,1.1.1.1.2,128610,,,TRUE,0
2009-09,Canada,2016A000011124,"Total, new motor vehicles","Total, country of manufacture",Units,Unadjusted,Units,300,units,0,v42169911,1.1.1.1.1,131275,,,,0
2009-09,Canada,2016A000011124,"Total, new motor vehicles","Total, country of manufacture",Units,Seasonally adjusted,Units,300,units,0,v42169912,1.1.1.1.2,128246,,,TRUE,0
2009-10,Canada,2016A000011124,"Total, new motor vehicles","Total, country of manufacture",Units,Unadjusted,Units,300,units,0,v42169911,1.1.1.1.1,123607,,,,0
2009-10,Canada,2016A000011124,"Total, new motor vehicles","Total, country of manufacture",Units,Seasonally adjusted,Units,300,units,0,v42169912,1.1.1.1.2,131154,,,TRUE,0
2009-11,Canada,2016A000011124,"Total, new motor vehicles","Total, country of manufacture",Units,Unadjusted,Units,300,units,0,v42169911,1.1.1.1.1,104589,,,,0
2009-11,Canada,2016A000011124,"Total, new motor vehicles","Total, country of manufacture",Units,Seasonally adjusted,Units,300,units,0,v42169912,1.1.1.1.2,124094,,,TRUE,0
2009-12,Canada,2016A000011124,"Total, new motor vehicles","Total, country of manufacture",Units,Unadjusted,Units,300,units,0,v42169911,1.1.1.1.1,113613,,,,0
2009-12,Canada,2016A000011124,"Total, new motor vehicles","Total, country of manufacture",Units,Seasonally adjusted,Units,300,units,0,v42169912,1.1.1.1.2,128394,,,TRUE,0
2010-01,Canada,2016A000011124,"Total, new motor vehicles","Total, country of manufacture",Units,Unadjusted,Units,300,units,0,v42169911,1.1.1.1.1,83512,,,,0
2010-01,Canada,2016A000011124,"Total, new motor vehicles","Total, country of manufacture",Units,Seasonally adjusted,Units,300,units,0,v42169912,1.1.1.1.2,126380,,,TRUE,0
2010-02,Canada,2016A000011124,"Total, new motor vehicles","Total, country of manufacture",Units,Unadjusted,Units,300,units,0,v42169911,1.1.1.1.1,101788,,,,0
2010-02,Canada,2016A000011124,"Total, new motor vehicles","Total, country of manufacture",Units,Seasonally adjusted,Units,300,units,0,v42169912,1.1.1.1.2,139562,,,TRUE,0
2010-03,Canada,2016A000011124,"Total, new motor vehicles","Total, country of manufacture",Units,Unadjusted,Units,300,units,0,v42169911,1.1.1.1.1,148052,,,,0
2010-03,Canada,2016A000011124,"Total, new motor vehicles","Total, country of manufacture",Units,Seasonally adjusted,Units,300,units,0,v42169912,1.1.1.1.2,130520,,,TRUE,0
2010-04,Canada,2016A000011124,"Total, new motor vehicles","Total, country of manufacture",Units,Unadjusted,Units,300,units,0,v42169911,1.1.1.1.1,152187,,,,0
2010-04,Canada,2016A000011124,"Total, new motor vehicles","Total, country of manufacture",Units,Seasonally adjusted,Units,300,units,0,v42169912,1.1.1.1.2,127903,,,TRUE,0
2010-05,Canada,2016A000011124,"Total, new motor vehicles","Total, country of manufacture",Units,Unadjusted,Units,300,units,0,v42169911,1.1.1.1.1,157082,,,,0
2010-05,Canada,2016A000011124,"Total, new motor vehicles","Total, country of manufacture",Units,Seasonally adjusted,Units,300,units,0,v42169912,1.1.1.1.2,129651,,,TRUE,0
2010-06,Canada,2016A000011124,"Total, new motor vehicles","Total, country of manufacture",Units,Unadjusted,Units,300,units,0,v42169911,1.1.1.1.1,156891,,,,0
2010-06,Canada,2016A000011124,"Total, new motor vehicles","Total, country of manufacture",Units,Seasonally adjusted,Units,300,units,0,v42169912,1.1.1.1.2,130887,,,TRUE,0
2010-07,Canada,2016A000011124,"Total, new motor vehicles","Total, country of manufacture",Units,Unadjusted,Units,300,units,0,v42169911,1.1.1.1.1,150800,,,,0
2010-07,Canada,2016A000011124,"Total, new motor vehicles","Total, country of manufacture",Units,Seasonally adjusted,Units,300,units,0,v42169912,1.1.1.1.2,134368,,,TRUE,0
2010-08,Canada,2016A000011124,"Total, new motor vehicles","Total, country of manufacture",Units,Unadjusted,Units,300,units,0,v42169911,1.1.1.1.1,138210,,,,0
2010-08,Canada,2016A000011124,"Total, new motor vehicles","Total, country of manufacture",Units,Seasonally adjusted,Units,300,units,0,v42169912,1.1.1.1.2,130458,,,TRUE,0
2010-09,Canada,2016A000011124,"Total, new motor vehicles","Total, country of manufacture",Units,Unadjusted,Units,300,units,0,v42169911,1.1.1.1.1,137349,,,,0
2010-09,Canada,2016A000011124,"Total, new motor vehicles","Total, country of manufacture",Units,Seasonally adjusted,Units,300,units,0,v42169912,1.1.1.1.2,134883,,,TRUE,0
2010-10,Canada,2016A000011124,"Total, new motor vehicles","Total, country of manufacture",Units,Unadjusted,Units,300,units,0,v42169911,1.1.1.1.1,125731,,,,0
2010-10,Canada,2016A000011124,"Total, new motor vehicles","Total, country of manufacture",Units,Seasonally adjusted,Units,300,units,0,v42169912,1.1.1.1.2,135399,,,TRUE,0
2010-11,Canada,2016A000011124,"Total, new motor vehicles","Total, country of manufacture",Units,Unadjusted,Units,300,units,0,v42169911,1.1.1.1.1,118521,,,,0
2010-11,Canada,2016A000011124,"Total, new motor vehicles","Total, country of manufacture",Units,Seasonally adjusted,Units,300,units,0,v42169912,1.1.1.1.2,136311,,,TRUE,0
2010-12,Canada,2016A000011124,"Total, new motor vehicles","Total, country of manufacture",Units,Unadjusted,Units,300,units,0,v42169911,1.1.1.1.1,114376,,,,0
2010-12,Canada,2016A000011124,"Total, new motor vehicles","Total, country of manufacture",Units,Seasonally adjusted,Units,300,units,0,v42169912,1.1.1.1.2,128178,,,TRUE,0
2011-01,Canada,2016A000011124,"Total, new motor vehicles","Total, country of manufacture",Units,Unadjusted,Units,300,units,0,v42169911,1.1.1.1.1,86320,,,,0
2011-01,Canada,2016A000011124,"Total, new motor vehicles","Total, country of manufacture",Units,Seasonally adjusted,Units,300,units,0,v42169912,1.1.1.1.2,132963,,,TRUE,0
2011-02,Canada,2016A000011124,"Total, new motor vehicles","Total, country of manufacture",Units,Unadjusted,Units,300,units,0,v42169911,1.1.1.1.1,98147,,,,0
2011-02,Canada,2016A000011124,"Total, new motor vehicles","Total, country of manufacture",Units,Seasonally adjusted,Units,300,units,0,v42169912,1.1.1.1.2,133863,,,TRUE,0
2011-03,Canada,2016A000011124,"Total, new motor vehicles","Total, country of manufacture",Units,Unadjusted,Units,300,units,0,v42169911,1.1.1.1.1,156452,,,,0
2011-03,Canada,2016A000011124,"Total, new motor vehicles","Total, country of manufacture",Units,Seasonally adjusted,Units,300,units,0,v42169912,1.1.1.1.2,136193,,,TRUE,0
2011-04,Canada,2016A000011124,"Total, new motor vehicles","Total, country of manufacture",Units,Unadjusted,Units,300,units,0,v42169911,1.1.1.1.1,162613,,,,0
2011-04,Canada,2016A000011124,"Total, new motor vehicles","Total, country of manufacture",Units,Seasonally adjusted,Units,300,units,0,v42169912,1.1.1.1.2,135994,,,TRUE,0
2011-05,Canada,2016A000011124,"Total, new motor vehicles","Total, country of manufacture",Units,Unadjusted,Units,300,units,0,v42169911,1.1.1.1.1,152064,,,,0
2011-05,Canada,2016A000011124,"Total, new motor vehicles","Total, country of manufacture",Units,Seasonally adjusted,Units,300,units,0,v42169912,1.1.1.1.2,127887,,,TRUE,0
2011-06,Canada,2016A000011124,"Total, new motor vehicles","Total, country of manufacture",Units,Unadjusted,Units,300,units,0,v42169911,1.1.1.1.1,168119,,,,0
2011-06,Canada,2016A000011124,"Total, new motor vehicles","Total, country of manufacture",Units,Seasonally adjusted,Units,300,units,0,v42169912,1.1.1.1.2,141651,,,TRUE,0
2011-07,Canada,2016A000011124,"Total, new motor vehicles","Total, country of manufacture",Units,Unadjusted,Units,300,units,0,v42169911,1.1.1.1.1,144171,,,,0
2011-07,Canada,2016A000011124,"Total, new motor vehicles","Total, country of manufacture",Units,Seasonally adjusted,Units,300,units,0,v42169912,1.1.1.1.2,133004,,,TRUE,0
2011-08,Canada,2016A000011124,"Total, new motor vehicles","Total, country of manufacture",Units,Unadjusted,Units,300,units,0,v42169911,1.1.1.1.1,143653,,,,0
2011-08,Canada,2016A000011124,"Total, new motor vehicles","Total, country of manufacture",Units,Seasonally adjusted,Units,300,units,0,v42169912,1.1.1.1.2,132952,,,TRUE,0
2011-09,Canada,2016A000011124,"Total, new motor vehicles","Total, country of manufacture",Units,Unadjusted,Units,300,units,0,v42169911,1.1.1.1.1,137660,,,,0
2011-09,Canada,2016A000011124,"Total, new motor vehicles","Total, country of manufacture",Units,Seasonally adjusted,Units,300,units,0,v42169912,1.1.1.1.2,135046,,,TRUE,0
2011-10,Canada,2016A000011124,"Total, new motor vehicles","Total, country of manufacture",Units,Unadjusted,Units,300,units,0,v42169911,1.1.1.1.1,129049,,,,0
2011-10,Canada,2016A000011124,"Total, new motor vehicles","Total, country of manufacture",Units,Seasonally adjusted,Units,300,units,0,v42169912,1.1.1.1.2,139283,,,TRUE,0
2011-11,Canada,2016A000011124,"Total, new motor vehicles","Total, country of manufacture",Units,Unadjusted,Units,300,units,0,v42169911,1.1.1.1.1,124466,,,,0
2011-11,Canada,2016A000011124,"Total, new motor vehicles","Total, country of manufacture",Units,Seasonally adjusted,Units,300,units,0,v42169912,1.1.1.1.2,139079,,,TRUE,0
2011-12,Canada,2016A000011124,"Total, new motor vehicles","Total, country of manufacture",Units,Unadjusted,Units,300,units,0,v42169911,1.1.1.1.1,117863,,,,0
2011-12,Canada,2016A000011124,"Total, new motor vehicles","Total, country of manufacture",Units,Seasonally adjusted,Units,300,units,0,v42169912,1.1.1.1.2,133620,,,TRUE,0
2012-01,Canada,2016A000011124,"Total, new motor vehicles","Total, country of manufacture",Units,Unadjusted,Units,300,units,0,v42169911,1.1.1.1.1,100448,,,,0
2012-01,Canada,2016A000011124,"Total, new motor vehicles","Total, country of manufacture",Units,Seasonally adjusted,Units,300,units,0,v42169912,1.1.1.1.2,151560,,,TRUE,0
2012-02,Canada,2016A000011124,"Total, new motor vehicles","Total, country of manufacture",Units,Unadjusted,Units,300,units,0,v42169911,1.1.1.1.1,109817,,,,0
2012-02,Canada,2016A000011124,"Total, new motor vehicles","Total, country of manufacture",Units,Seasonally adjusted,Units,300,units,0,v42169912,1.1.1.1.2,141637,,,TRUE,0
2012-03,Canada,2016A000011124,"Total, new motor vehicles","Total, country of manufacture",Units,Unadjusted,Units,300,units,0,v42169911,1.1.1.1.1,161688,,,,0
2012-04,Canada,2016A000011124,"Total, new motor vehicles","Total, country of manufacture",Units,Unadjusted,Units,300,units,0,v42169911,1.1.1.1.1,161372,,,,0
2012-05,Canada,2016A000011124,"Total, new motor vehicles","Total, country of manufacture",Units,Unadjusted,Units,300,units,0,v42169911,1.1.1.1.1,180368,,,,0
2012-06,Canada,2016A000011124,"Total, new motor vehicles","Total, country of manufacture",Units,Unadjusted,Units,300,units,0,v42169911,1.1.1.1.1,173190,,,,0
2012-07,Canada,2016A000011124,"Total, new motor vehicles","Total, country of manufacture",Units,Unadjusted,Units,300,units,0,v42169911,1.1.1.1.1,151451,,,,0
2012-08,Canada,2016A000011124,"Total, new motor vehicles","Total, country of manufacture",Units,Unadjusted,Units,300,units,0,v42169911,1.1.1.1.1,152577,,,,0
2012-09,Canada,2016A000011124,"Total, new motor vehicles","Total, country of manufacture",Units,Unadjusted,Units,300,units,0,v42169911,1.1.1.1.1,146270,,,,0
2012-10,Canada,2016A000011124,"Total, new motor vehicles","Total, country of manufacture",Units,Unadjusted,Units,300,units,0,v42169911,1.1.1.1.1,138892,,,,0
2012-11,Canada,2016A000011124,"Total, new motor vehicles","Total, country of manufacture",Units,Unadjusted,Units,300,units,0,v42169911,1.1.1.1.1,128849,,,,0
2012-12,Canada,2016A000011124,"Total, new motor vehicles","Total, country of manufacture",Units,Unadjusted,Units,300,units,0,v42169911,1.1.1.1.1,111881,,,,0
2013-01,Canada,2016A000011124,"Total, new motor vehicles","Total, country of manufacture",Units,Unadjusted,Units,300,units,0,v42169911,1.1.1.1.1,97872,,,,0
2013-02,Canada,2016A000011124,"Total, new motor vehicles","Total, country of manufacture",Units,Unadjusted,Units,300,units,0,v42169911,1.1.1.1.1,105811,,,,0
2013-03,Canada,2016A000011124,"Total, new motor vehicles","Total, country of manufacture",Units,Unadjusted,Units,300,units,0,v42169911,1.1.1.1.1,159953,,,,0
2013-04,Canada,2016A000011124,"Total, new motor vehicles","Total, country of manufacture",Units,Unadjusted,Units,300,units,0,v42169911,1.1.1.1.1,175181,,,,0
2013-05,Canada,2016A000011124,"Total, new motor vehicles","Total, country of manufacture",Units,Unadjusted,Units,300,units,0,v42169911,1.1.1.1.1,189030,,,,0
2013-06,Canada,2016A000011124,"Total, new motor vehicles","Total, country of manufacture",Units,Unadjusted,Units,300,units,0,v42169911,1.1.1.1.1,174439,,,,0
2013-07,Canada,2016A000011124,"Total, new motor vehicles","Total, country of manufacture",Units,Unadjusted,Units,300,units,0,v42169911,1.1.1.1.1,161835,,,,0
2013-08,Canada,2016A000011124,"Total, new motor vehicles","Total, country of manufacture",Units,Unadjusted,Units,300,units,0,v42169911,1.1.1.1.1,161371,,,,0
2013-09,Canada,2016A000011124,"Total, new motor vehicles","Total, country of manufacture",Units,Unadjusted,Units,300,units,0,v42169911,1.1.1.1.1,151644,,,,0
2013-10,Canada,2016A000011124,"Total, new motor vehicles","Total, country of manufacture",Units,Unadjusted,Units,300,units,0,v42169911,1.1.1.1.1,148181,,,,0
2013-11,Canada,2016A000011124,"Total, new motor vehicles","Total, country of manufacture",Units,Unadjusted,Units,300,units,0,v42169911,1.1.1.1.1,135776,,,,0
2013-12,Canada,2016A000011124,"Total, new motor vehicles","Total, country of manufacture",Units,Unadjusted,Units,300,units,0,v42169911,1.1.1.1.1,115368,,,,0
2014-01,Canada,2016A000011124,"Total, new motor vehicles","Total, country of manufacture",Units,Unadjusted,Units,300,units,0,v42169911,1.1.1.1.1,97624,,,,0
2014-02,Canada,2016A000011124,"Total, new motor vehicles","Total, country of manufacture",Units,Unadjusted,Units,300,units,0,v42169911,1.1.1.1.1,107501,,,,0
2014-03,Canada,2016A000011124,"Total, new motor vehicles","Total, country of manufacture",Units,Unadjusted,Units,300,units,0,v42169911,1.1.1.1.1,160655,,,,0
2014-04,Canada,2016A000011124,"Total, new motor vehicles","Total, country of manufacture",Units,Unadjusted,Units,300,units,0,v42169911,1.1.1.1.1,182239,,,,0
2014-05,Canada,2016A000011124,"Total, new motor vehicles","Total, country of manufacture",Units,Unadjusted,Units,300,units,0,v42169911,1.1.1.1.1,199568,,,,0
2014-06,Canada,2016A000011124,"Total, new motor vehicles","Total, country of manufacture",Units,Unadjusted,Units,300,units,0,v42169911,1.1.1.1.1,179556,,,,0
2014-07,Canada,2016A000011124,"Total, new motor vehicles","Total, country of manufacture",Units,Unadjusted,Units,300,units,0,v42169911,1.1.1.1.1,180682,,,,0
2014-08,Canada,2016A000011124,"Total, new motor vehicles","Total, country of manufacture",Units,Unadjusted,Units,300,units,0,v42169911,1.1.1.1.1,174757,,,,0
2014-09,Canada,2016A000011124,"Total, new motor vehicles","Total, country of manufacture",Units,Unadjusted,Units,300,units,0,v42169911,1.1.1.1.1,172069,,,,0
2014-10,Canada,2016A000011124,"Total, new motor vehicles","Total, country of manufacture",Units,Unadjusted,Units,300,units,0,v42169911,1.1.1.1.1,159144,,,,0
2014-11,Canada,2016A000011124,"Total, new motor vehicles","Total, country of manufacture",Units,Unadjusted,Units,300,units,0,v42169911,1.1.1.1.1,141763,,,,0
2014-12,Canada,2016A000011124,"Total, new motor vehicles","Total, country of manufacture",Units,Unadjusted,Units,300,units,0,v42169911,1.1.1.1.1,134829,,,,0
2015-01,Canada,2016A000011124,"Total, new motor vehicles","Total, country of manufacture",Units,Unadjusted,Units,300,units,0,v42169911,1.1.1.1.1,101597,,,,0
2015-02,Canada,2016A000011124,"Total, new motor vehicles","Total, country of manufacture",Units,Unadjusted,Units,300,units,0,v42169911,1.1.1.1.1,111933,,,,0
2015-03,Canada,2016A000011124,"Total, new motor vehicles","Total, country of manufacture",Units,Unadjusted,Units,300,units,0,v42169911,1.1.1.1.1,164402,,,,0
2015-04,Canada,2016A000011124,"Total, new motor vehicles","Total, country of manufacture",Units,Unadjusted,Units,300,units,0,v42169911,1.1.1.1.1,192647,,,,0
2015-05,Canada,2016A000011124,"Total, new motor vehicles","Total, country of manufacture",Units,Unadjusted,Units,300,units,0,v42169911,1.1.1.1.1,201603,,,,0
2015-06,Canada,2016A000011124,"Total, new motor vehicles","Total, country of manufacture",Units,Unadjusted,Units,300,units,0,v42169911,1.1.1.1.1,181780,,,,0
2015-07,Canada,2016A000011124,"Total, new motor vehicles","Total, country of manufacture",Units,Unadjusted,Units,300,units,0,v42169911,1.1.1.1.1,181324,,,,0
2015-08,Canada,2016A000011124,"Total, new motor vehicles","Total, country of manufacture",Units,Unadjusted,Units,300,units,0,v42169911,1.1.1.1.1,178591,,,,0
2015-09,Canada,2016A000011124,"Total, new motor vehicles","Total, country of manufacture",Units,Unadjusted,Units,300,units,0,v42169911,1.1.1.1.1,178738,,,,0
2015-10,Canada,2016A000011124,"Total, new motor vehicles","Total, country of manufacture",Units,Unadjusted,Units,300,units,0,v42169911,1.1.1.1.1,166521,,,,0
2015-11,Canada,2016A000011124,"Total, new motor vehicles","Total, country of manufacture",Units,Unadjusted,Units,300,units,0,v42169911,1.1.1.1.1,148163,,,,0
2015-12,Canada,2016A000011124,"Total, new motor vehicles","Total, country of manufacture",Units,Unadjusted,Units,300,units,0,v42169911,1.1.1.1.1,132218,,,,0
2016-01,Canada,2016A000011124,"Total, new motor vehicles","Total, country of manufacture",Units,Unadjusted,Units,300,units,0,v42169911,1.1.1.1.1,110686,,,,0
2016-02,Canada,2016A000011124,"Total, new motor vehicles","Total, country of manufacture",Units,Unadjusted,Units,300,units,0,v42169911,1.1.1.1.1,121933,,,,0
2016-03,Canada,2016A000011124,"Total, new motor vehicles","Total, country of manufacture",Units,Unadjusted,Units,300,units,0,v42169911,1.1.1.1.1,178227,,,,0
2016-04,Canada,2016A000011124,"Total, new motor vehicles","Total, country of manufacture",Units,Unadjusted,Units,300,units,0,v42169911,1.1.1.1.1,203557,,,,0
2016-05,Canada,2016A000011124,"Total, new motor vehicles","Total, country of manufacture",Units,Unadjusted,Units,300,units,0,v42169911,1.1.1.1.1,198425,,,,0
2016-06,Canada,2016A000011124,"Total, new motor vehicles","Total, country of manufacture",Units,Unadjusted,Units,300,units,0,v42169911,1.1.1.1.1,193818,,,,0
2016-07,Canada,2016A000011124,"Total, new motor vehicles","Total, country of manufacture",Units,Unadjusted,Units,300,units,0,v42169911,1.1.1.1.1,175846,,,,0
2016-08,Canada,2016A000011124,"Total, new motor vehicles","Total, country of manufacture",Units,Unadjusted,Units,300,units,0,v42169911,1.1.1.1.1,174976,,,,0
2016-09,Canada,2016A000011124,"Total, new motor vehicles","Total, country of manufacture",Units,Unadjusted,Units,300,units,0,v42169911,1.1.1.1.1,177191,,,,0
2016-10,Canada,2016A000011124,"Total, new motor vehicles","Total, country of manufacture",Units,Unadjusted,Units,300,units,0,v42169911,1.1.1.1.1,157414,,,,0
2016-11,Canada,2016A000011124,"Total, new motor vehicles","Total, country of manufacture",Units,Unadjusted,Units,300,units,0,v42169911,1.1.1.1.1,163320,,,,0
2016-12,Canada,2016A000011124,"Total, new motor vehicles","Total, country of manufacture",Units,Unadjusted,Units,300,units,0,v42169911,1.1.1.1.1,128352,,,,0
2017-01,Canada,2016A000011124,"Total, new motor vehicles","Total, country of manufacture",Units,Unadjusted,Units,300,units,0,v42169911,1.1.1.1.1,112996,,,,0
2017-02,Canada,2016A000011124,"Total, new motor vehicles","Total, country of manufacture",Units,Unadjusted,Units,300,units,0,v42169911,1.1.1.1.1,125284,,,,0
2017-03,Canada,2016A000011124,"Total, new motor vehicles","Total, country of manufacture",Units,Unadjusted,Units,300,units,0,v42169911,1.1.1.1.1,190744,,,,0
2017-04,Canada,2016A000011124,"Total, new motor vehicles","Total, country of manufacture",Units,Unadjusted,Units,300,units,0,v42169911,1.1.1.1.1,200291,,,,0
2017-05,Canada,2016A000011124,"Total, new motor vehicles","Total, country of manufacture",Units,Unadjusted,Units,300,units,0,v42169911,1.1.1.1.1,220436,,,,0
2017-06,Canada,2016A000011124,"Total, new motor vehicles","Total, country of manufacture",Units,Unadjusted,Units,300,units,0,v42169911,1.1.1.1.1,207008,,,,0
2017-07,Canada,2016A000011124,"Total, new motor vehicles","Total, country of manufacture",Units,Unadjusted,Units,300,units,0,v42169911,1.1.1.1.1,184809,,,,0
2017-08,Canada,2016A000011124,"Total, new motor vehicles","Total, country of manufacture",Units,Unadjusted,Units,300,units,0,v42169911,1.1.1.1.1,187208,,,,0
2017-09,Canada,2016A000011124,"Total, new motor vehicles","Total, country of manufacture",Units,Unadjusted,Units,300,units,0,v42169911,1.1.1.1.1,190640,,,,0
2017-10,Canada,2016A000011124,"Total, new motor vehicles","Total, country of manufacture",Units,Unadjusted,Units,300,units,0,v42169911,1.1.1.1.1,167892,,,,0
2017-11,Canada,2016A000011124,"Total, new motor vehicles","Total, country of manufacture",Units,Unadjusted,Units,300,units,0,v42169911,1.1.1.1.1,161903,,,,0
2017-12,Canada,2016A000011124,"Total, new motor vehicles","Total, country of manufacture",Units,Unadjusted,Units,300,units,0,v42169911,1.1.1.1.1,127734,,,,0
2018-01,Canada,2016A000011124,"Total, new motor vehicles","Total, country of manufacture",Units,Unadjusted,Units,300,units,0,v42169911,1.1.1.1.1,120246,,,,0
2018-02,Canada,2016A000011124,"Total, new motor vehicles","Total, country of manufacture",Units,Unadjusted,Units,300,units,0,v42169911,1.1.1.1.1,128399,,,,0
2018-03,Canada,2016A000011124,"Total, new motor vehicles","Total, country of manufacture",Units,Unadjusted,Units,300,units,0,v42169911,1.1.1.1.1,190863,,,,0
2018-04,Canada,2016A000011124,"Total, new motor vehicles","Total, country of manufacture",Units,Unadjusted,Units,300,units,0,v42169911,1.1.1.1.1,195838,,,,0
2018-05,Canada,2016A000011124,"Total, new motor vehicles","Total, country of manufacture",Units,Unadjusted,Units,300,units,0,v42169911,1.1.1.1.1,220858,,,,0
2018-06,Canada,2016A000011124,"Total, new motor vehicles","Total, country of manufacture",Units,Unadjusted,Units,300,units,0,v42169911,1.1.1.1.1,206988,,,,0
2018-07,Canada,2016A000011124,"Total, new motor vehicles","Total, country of manufacture",Units,Unadjusted,Units,300,units,0,v42169911,1.1.1.1.1,179754,,,,0
2018-08,Canada,2016A000011124,"Total, new motor vehicles","Total, country of manufacture",Units,Unadjusted,Units,300,units,0,v42169911,1.1.1.1.1,185349,,,,0
2018-09,Canada,2016A000011124,"Total, new motor vehicles","Total, country of manufacture",Units,Unadjusted,Units,300,units,0,v42169911,1.1.1.1.1,181516,,,,0
2018-10,Canada,2016A000011124,"Total, new motor vehicles","Total, country of manufacture",Units,Unadjusted,Units,300,units,0,v42169911,1.1.1.1.1,166566,,,,0
2018-11,Canada,2016A000011124,"Total, new motor vehicles","Total, country of manufacture",Units,Unadjusted,Units,300,units,0,v42169911,1.1.1.1.1,150143,,,,0
2018-12,Canada,2016A000011124,"Total, new motor vehicles","Total, country of manufacture",Units,Unadjusted,Units,300,units,0,v42169911,1.1.1.1.1,119201,,,,0
2019-01,Canada,2016A000011124,"Total, new motor vehicles","Total, country of manufacture",Units,Unadjusted,Units,300,units,0,v42169911,1.1.1.1.1,112178,,,,0
2019-02,Canada,2016A000011124,"Total, new motor vehicles","Total, country of manufacture",Units,Unadjusted,Units,300,units,0,v42169911,1.1.1.1.1,124493,,,,0
2019-03,Canada,2016A000011124,"Total, new motor vehicles","Total, country of manufacture",Units,Unadjusted,Units,300,units,0,v42169911,1.1.1.1.1,187907,,,,0
2019-04,Canada,2016A000011124,"Total, new motor vehicles","Total, country of manufacture",Units,Unadjusted,Units,300,units,0,v42169911,1.1.1.1.1,186487,,,,0
2019-05,Canada,2016A000011124,"Total, new motor vehicles","Total, country of manufacture",Units,Unadjusted,Units,300,units,0,v42169911,1.1.1.1.1,208375,,,,0
2019-06,Canada,2016A000011124,"Total, new motor vehicles","Total, country of manufacture",Units,Unadjusted,Units,300,units,0,v42169911,1.1.1.1.1,193885,,,,0
2019-07,Canada,2016A000011124,"Total, new motor vehicles","Total, country of manufacture",Units,Unadjusted,Units,300,units,0,v42169911,1.1.1.1.1,178450,,,,0
2019-08,Canada,2016A000011124,"Total, new motor vehicles","Total, country of manufacture",Units,Unadjusted,Units,300,units,0,v42169911,1.1.1.1.1,187961,,,,0
2019-09,Canada,2016A000011124,"Total, new motor vehicles","Total, country of manufacture",Units,Unadjusted,Units,300,units,0,v42169911,1.1.1.1.1,173009,,,,0
2019-10,Canada,2016A000011124,"Total, new motor vehicles","Total, country of manufacture",Units,Unadjusted,Units,300,units,0,v42169911,1.1.1.1.1,163718,,,,0
2019-11,Canada,2016A000011124,"Total, new motor vehicles","Total, country of manufacture",Units,Unadjusted,Units,300,units,0,v42169911,1.1.1.1.1,147221,,,,0
2019-12,Canada,2016A000011124,"Total, new motor vehicles","Total, country of manufacture",Units,Unadjusted,Units,300,units,0,v42169911,1.1.1.1.1,116466,,,,0
2020-01,Canada,2016A000011124,"Total, new motor vehicles","Total, country of manufacture",Units,Unadjusted,Units,300,units,0,v42169911,1.1.1.1.1,113350,,,,0
2020-02,Canada,2016A000011124,"Total, new motor vehicles","Total, country of manufacture",Units,Unadjusted,Units,300,units,0,v42169911,1.1.1.1.1,127529,,,,0
2020-03,Canada,2016A000011124,"Total, new motor vehicles","Total, country of manufacture",Units,Unadjusted,Units,300,units,0,v42169911,1.1.1.1.1,98019,,,,0
2020-04,Canada,2016A000011124,"Total, new motor vehicles","Total, country of manufacture",Units,Unadjusted,Units,300,units,0,v42169911,1.1.1.1.1,47508,,,,0
2020-05,Canada,2016A000011124,"Total, new motor vehicles","Total, country of manufacture",Units,Unadjusted,Units,300,units,0,v42169911,1.1.1.1.1,116102,,,,0
2020-06,Canada,2016A000011124,"Total, new motor vehicles","Total, country of manufacture",Units,Unadjusted,Units,300,units,0,v42169911,1.1.1.1.1,163864,,,,0
2020-07,Canada,2016A000011124,"Total, new motor vehicles","Total, country of manufacture",Units,Unadjusted,Units,300,units,0,v42169911,1.1.1.1.1,167600,,,,0
2020-08,Canada,2016A000011124,"Total, new motor vehicles","Total, country of manufacture",Units,Unadjusted,Units,300,units,0,v42169911,1.1.1.1.1,172647,,,,0
2020-09,Canada,2016A000011124,"Total, new motor vehicles","Total, country of manufacture",Units,Unadjusted,Units,300,units,0,v42169911,1.1.1.1.1,178057,,,,0
2020-10,Canada,2016A000011124,"Total, new motor vehicles","Total, country of manufacture",Units,Unadjusted,Units,300,units,0,v42169911,1.1.1.1.1,160024,,,,0
2020-11,Canada,2016A000011124,"Total, new motor vehicles","Total, country of manufacture",Units,Unadjusted,Units,300,units,0,v42169911,1.1.1.1.1,133733,,,,0
2020-12,Canada,2016A000011124,"Total, new motor vehicles","Total, country of manufacture",Units,Unadjusted,Units,300,units,0,v42169911,1.1.1.1.1,113686,,,,0
2021-01,Canada,2016A000011124,"Total, new motor vehicles","Total, country of manufacture",Units,Unadjusted,Units,300,units,0,v42169911,1.1.1.1.1,96475,,,,0
2021-02,Canada,2016A000011124,"Total, new motor vehicles","Total, country of manufacture",Units,Unadjusted,Units,300,units,0,v42169911,1.1.1.1.1,115322,,,,0
2021-03,Canada,2016A000011124,"Total, new motor vehicles","Total, country of manufacture",Units,Unadjusted,Units,300,units,0,v42169911,1.1.1.1.1,173485,,,,0
2021-04,Canada,2016A000011124,"Total, new motor vehicles","Total, country of manufacture",Units,Unadjusted,Units,300,units,0,v42169911,1.1.1.1.1,166709,,,,0
2021-05,Canada,2016A000011124,"Total, new motor vehicles","Total, country of manufacture",Units,Unadjusted,Units,300,units,0,v42169911,1.1.1.1.1,151912,,,,0
2021-06,Canada,2016A000011124,"Total, new motor vehicles","Total, country of manufacture",Units,Unadjusted,Units,300,units,0,v42169911,1.1.1.1.1,168838,,,,0
2021-07,Canada,2016A000011124,"Total, new motor vehicles","Total, country of manufacture",Units,Unadjusted,Units,300,units,0,v42169911,1.1.1.1.1,156049,,,,0
2021-08,Canada,2016A000011124,"Total, new motor vehicles","Total, country of manufacture",Units,Unadjusted,Units,300,units,0,v42169911,1.1.1.1.1,149778,,,,0
2021-09,Canada,2016A000011124,"Total, new motor vehicles","Total, country of manufacture",Units,Unadjusted,Units,300,units,0,v42169911,1.1.1.1.1,145661,,,,0
2021-10,Canada,2016A000011124,"Total, new motor vehicles","Total, country of manufacture",Units,Unadjusted,Units,300,units,0,v42169911,1.1.1.1.1,131215,,,,0
2021-11,Canada,2016A000011124,"Total, new motor vehicles","Total, country of manufacture",Units,Unadjusted,Units,300,units,0,v42169911,1.1.1.1.1,117378,,,,0
2021-12,Canada,2016A000011124,"Total, new motor vehicles","Total, country of manufacture",Units,Unadjusted,Units,300,units,0,v42169911,1.1.1.1.1,103694,,,,0
